3159 5259
402 277 541 348 m

411 464 495 530 de
540 470 607 528 te
650 479 692 527 o
737 480 929 544 quam
971 460 1263 542 gloriosa
1621 461 1664 522 5

497 564 670 630 dicta
715 571 862 628 sunt
905 583 946 627 a
988 562 1268 628 saeculo!

407 748 507 817 De
555 757 686 816 tuae
732 748 1044 833 quidquid
1087 749 1488 835 scripserunt

496 852 704 918 sancti
747 850 958 915 laudis
1002 848 1217 932 gloria
1230 897 1247 932 ,

407 964 655 1022 tantum
692 955 882 1019 nobis
926 953 1054 1019 hoc
1096 954 1425 1036 liquerunt

496 1060 603 1143 pia
647 1075 773 1141 pro
816 1056 1157 1137 memoria,
1580 1057 1662 1119 10

406 1167 757 1244 penetrare
798 1157 1229 1238 nequiverunt

495 1260 679 1326 fundi
719 1261 813 1325 tui
859 1259 1139 1326 condita.

407 1467 765 1554 Lapidibus
808 1468 1115 1553 expolitis

495 1580 742 1637 structa
785 1581 857 1637 tu
898 1571 1167 1636 mirifice
1182 1620 1200 1654 ,

406 1676 676 1758 gemmis
692 1722 709 1756 ,
756 1692 917 1739 auro
932 1722 950 1756 ,
996 1673 1193 1739 claris
1238 1673 1423 1738 vitris
1578 1676 1607 1735 1
1620 1674 1657 1736 5

496 1777 831 1843 decoraris
876 1777 1190 1860 undique,

404 1888 618 1965 portae
662 1881 914 1965 fulgent
958 1880 1355 1963 margaritis,

492 1983 734 2066 plateae
779 1993 927 2049 sunt
971 2004 1208 2049 aureae.

405 2192 483 2260 ln
524 2200 592 2257 te
626 2191 879 2277 ⁸iugiter
916 2192 1272 2277 jocundum

494 2295 763 2382 alleluja
808 2298 1089 2379 canitur,
1410 2322 1415 2328 ’
1574 2296 1660 2359 20

406 2405 720 2471 sollemne
768 2423 847 2470 ac
890 2402 1332 2470 laetabundum

492 2527 751 2593 semper
793 2509 1027 2574 festum
1076 2509 1323 2590 agitur,

404 2618 610 2677 totum
653 2619 976 2692 sanctum,
1004 2619 1233 2698 ⁴totum
1275 2607 1614 2692 mundum,

489 2714 560 2778 in
601 2721 669 2777 te
715 2711 1024 2795 quidquid
1069 2712 1372 2778 cernitur.

403 2917 479 2986 In
524 2924 589 2982 te
633 2936 955 3001 nunquam
1000 2917 1290 2983 nubilata
1577 2918 1687 2979 25·

492 3019 665 3085 acris
709 3020 1088 3104 temperieS,

402 3126 545 3192 sole
591 3125 748 3190 solis
794 3125 1118 3190 illustrata

493 3247 753 3311 semper
799 3236 901 3293 est
943 3226 1278 3308 meridies,

402 3330 472 3396 in
516 3338 583 3396 te
626 3349 757 3396 non
803 3350 935 3396 nox
978 3331 1169 3395 fessis
1213 3336 1441 3413 grata,

489 3450 614 3496 nec
660 3432 849 3498 labor
895 3452 1021 3508 nec
1054 3434 1326 3516 inquies.
1573 3432 1659 3496 30

401 3633 478 3705 In
520 3643 588 3699 te
633 3634 868 3700 florida
911 3637 1200 3700 vernalis

488 3738 806 3825 perdurat
850 3740 1203 3822 amoenitas,

401 3842 591 3907 ferax
637 3860 898 3927 semper
943 3841 1254 3907 aestivalis

486 3943 709 4007 rutilat
752 3945 1072 4008 serenitas
1088 3990 1105 4022 ,

401 4047 787 4112 autumnalis
834 4066 950 4112 seu
994 4047 1301 4113 brumalis
1566 4050 1652 4114 35

487 4151 719 4234 procul
763 4159 863 4216 est
908 4151 1246 4235 frigiditas.

397 4353 723 4440 Quidquid
771 4359 961 4442 libet,
1007 4358 1115 4425 hic
1160 4358 1443 4426 dulcoris

484 4462 701 4527 avium
743 4464 809 4527 in
855 4464 1178 4546 cantibus,

395 4563 709 4647 quidquid
745 4565 941 4649 jubili
986 4568 1245 4635 canoris

482 4667 745 4734 musicis
789 4671 856 4736 in
900 4672 1181 4754 actibus,
1563 4673 1651 4740 40

1767 460 1834 524 in
1880 468 1945 525 te
1987 460 2252 543 plenum
2297 460 2428 526 hoc
2468 463 2730 545 saporis

1856 561 2142 629 abundat
2186 562 2495 630 diffusius.

1766 751 1842 816 In
1887 758 1951 816 te
1997 754 2267 816 robusta
2300 752 2615 835 Juventus

1853 855 1921 917 in
1965 874 2179 919 aevum
2222 873 2354 919 non
2398 854 2690 940 deperit,

1768 975 1972 1021 senex
2017 976 2136 1022 seu
2178 966 2386 1023 morte
2431 966 2810 1043 praeventus
2951 961 3034 1024 45
3157 967 3159 994 ¹

1853 1079 2064 1141 neque
2110 1069 2212 1124 est
2260 1081 2473 1144 neque
2520 1062 2672 1147 erit,

1767 1160 1887 1224 sed
1932 1180 2143 1243 neque
2188 1161 2470 1227 futurum
2515 1170 2803 1248 tempuS,

1853 1284 2151 1348 praeseus
2196 1284 2521 1348 nunquam
2565 1269 2881 1351 praeterit.

1767 1451 1842 1517 In
1886 1461 1951 1517 te
1994 1471 2121 1518 nec
2168 1454 2516 1538 quidquam
2562 1456 2941 1539 molestum,

1853 1575 1978 1621 nec
2022 1556 2332 1640 languor,
2379 1577 2503 1624 nec
2545 1560 2858 1643 gemitus,
2941 1561 3026 1628 ⁵0

1768 1679 1892 1725 nec
1935 1678 2215 1741 unquam
2262 1660 2415 1742 quid
2460 1660 2942 1745 immodestum,

1854 1779 1978 1825 nec
2021 1761 2243 1844 culpa,
2292 1780 2418 1826 nec
2467 1762 2788 1846 dedecus,

1764 1860 1809 1903 ¹*
1893 1863 2141 1946 (scalen
2183 1866 2230 1929 2
2287 1863 2524 1946 Ver-se).

1765 2053 1910 2119 Lex
1955 2058 2385 2122 membrorum
2429 2058 2722 2123 animalis

1855 2162 1979 2224 erit
2022 2161 2217 2244 plene
2262 2168 2513 2226 mortua
2527 2209 2545 2245 ,

1766 2282 1941 2328 nova
1984 2282 2140 2330 caro
2185 2265 2494 2349 spiritalis
2944 2270 3026 2331 55

1855 2368 1981 2431 erit
2022 2369 2221 2432 menti
2265 2368 2524 2433 subdita

1767 2469 2047 2553 vivaque
2091 2472 2193 2534 vis
2240 2473 2558 2537 sensualis

1853 2574 2093 2638 rationi
2136 2592 2439 2640 consona.

1768 2764 1842 2830 In
1886 2770 1951 2827 te
1998 2763 2184 2827 vivus
2232 2764 2596 2830 continetur
2663 2765 2668 2772 ’

1853 2866 1998 2932 fons
2044 2870 2360 2932 bonorum
2404 2871 2715 2951 omnium,
2952 2874 3036 2937 60

1767 2970 1834 3033 in
1879 2987 2006 3051 quo
2025 3019 2030 3024 .
2051 2969 2245 3051 plene
2291 2970 2664 3054 possidetur

1857 3073 2192 3156 proprium
2238 3072 2323 3137 ad
2367 3073 2641 3155 libitum,

1720 3265 1726 3270 θ
1768 3175 2077 3259 quidquid
2124 3179 2386 3263 corpori
2429 3177 2690 3242 videtur

1855 3280 1993 3343 sive
2040 3281 2237 3343 menti
2282 3299 2678 3363 congruum..

1763 3467 1840 3535 In
1885 3475 1948 3534 te
1997 3468 2239 3538 florens
2285 3470 2698 3556 pulchritudo
2952 3475 3034 3539 65

1853 3595 2055 3658 supra
2097 3577 2302 3641 solem
2349 3575 2628 3659 fulgida,

1765 3679 1964 3744 velox
2005 3682 2198 3746 nimis
2236 3681 2677 3765 promptitudo
2700 3730 2718 3764 ‚

1846 3791 2042 3865 prout
2084 3784 2241 3868 vult,
2289 3783 2595 3868 agillima,

1760 3895 2266 3971 praepotensque
2310 3887 2621 3954 fortitudo

1850 3989 2054 4055 virtus
2093 3999 2163 4056 ut
2206 3992 2522 4074 angelica.
2949 3993 3036 4060 ’10

1761 4159 1839 4226 In
1885 4169 1950 4226 te
1994 4162 2313 4228 libertatis
2358 4163 2566 4227 claret

1848 4266 2123 4350 insignis
2168 4268 2506 4352 nobilitas,

1761 4389 2103 4453 numquam
2150 4372 2436 4456 languet,
2483 4390 2836 4454 numquam
2885 4381 3040 4440 aret

1849 4473 2229 4539 confirmata
2273 4476 2547 4558 sanitaS,

1758 4576 2096 4660 voluptate
2138 4598 2482 4662 numquam
2526 4590 2714 4647 caret
2947 4581 3040 4648 ⁷5

1834 4678 2018 4763 jugis
2062 4681 2211 4750 haec
2253 4683 2614 4768 integritas.
