3159 5259
1145 707 1313 782 166.
1376 705 1544 780 Ana
1590 707 2079 805 (troparium)

308 918 368 983 1.
411 912 602 981 Laeta
648 919 862 979 mento
1764 910 1988 976 eduxit
2838 913 2927 978 10

415 1035 719 1085 canamus
765 1016 890 1083 deo
932 1022 1191 1095 nostro,
1764 1011 2140 1078 fornacibus
2184 1010 2435 1094 ignitis:

410 1178 532 1259 oui
577 1179 897 1246 detectam
1665 1170 1725 1234 3.
1770 1167 2020 1254 Quique
2066 1170 2131 1234 in
2178 1172 2351 1237 omni

407 1282 697 1366 peccatis
741 1298 1000 1365 semper
1041 1288 1243 1349 novat
1768 1275 2184 1340 tribulatione

413 1386 785 1469 eeclesiam,
1511 1388 1553 1450 5
1766 1396 1914 1443 eam
1955 1377 2250 1461 exaudit,

1765 1497 2041 1584 Insuper
2086 1496 2338 1566 ooelesti
2838 1500 2925 1563 15

303 1624 367 1688 2.
412 1619 499 1688 Et
543 1641 687 1687 eam
729 1623 1107 1708 palmulam
1147 1656 1150 1663 -
1766 1603 1968 1668 nutrit
2008 1624 2214 1690 Pane,

411 1728 498 1794 ‘¹0‘
535 1730 724 1846 fadis?
803 1832 817 1846 ·
977 1832 991 1846 .
1661 1760 1724 1823 4.
1768 1754 1854 1823 Et
1894 1759 2136 1824 cultum
2180 1757 2375 1825 docet
2414 1778 2630 1844 suum,

409 1851 555 1897 ven
598 1828 754 1897 solis
797 1832 1137 1914 illummat,
1766 1877 1932 1957 Quin
1978 1879 2061 1944 de
2103 1887 2297 1964 petra
2339 1880 2531 1947 menn

406 1975 491 2046 Et
539 1987 734 2044 terrae
781 1980 864 2045 de
907 1980 1215 2046 Mesraim
1766 1980 1937 2049 dulei
1982 2003 2126 2049 eam
2172 1985 2498 2070 adimplet.

485 2162 604 2217 Ans
641 2163 939 2221 demelben
971 2150 1068 2219 nn

471 2284 546 2341 Ὗ.
583 2288 635 2341 3.
669 2283 961 2343 defectam.
1014 2288 1050 2341 6
1087 2285 1431 2358 pallidulum.
1500 2284 1679 2340 Nemo
1714 2287 1909 2355 potest
1943 2290 2074 2345 aute
2102 2287 2251 2345 diem
2268 2289 2474 2362 judieii
2502 2290 2573 2347 de
2600 2291 2928 2347 hominibus

305 2371 590 2517 ἱζῖἰίῖπέ
639 2374 690 2429 si
728 2376 854 2448 jam
899 2375 1163 2431 mundata
1199 2379 1288 2430 est
1321 2372 1595 2443 ecclesia,
1644 2370 1777 2443 quid
1811 2372 2037 2430 domino
2076 2391 2429 2433 reservamus
2445 2378 2474 2434 ‘3
2544 2380 2758 2436 Hieron.
2793 2379 2931 2436 adv.

487 2565 551 2620 V.
591 2569 674 2623 13.
722 2566 1034 2623 tribulatio.
1079 2564 1215 2621 Vita
1247 2565 1373 2621 haec
1399 2568 1599 2621 nostra
1624 2565 1681 2620 in
1708 2565 1889 2621 medio
1917 2564 2259 2639 insidiarum,
2295 2568 2352 2624 in
2381 2568 2567 2626 medio·
2588 2571 2928 2644 praeliorum

308 2656 412 2708 est.
466 2653 623 2709 Leon.
659 2670 726 2709 m.
762 2671 922 2710 serm.
960 2656 1048 2724 39,
1083 2657 1135 2709 3.

488 2758 551 2812 V.
591 2761 675 2812 17.
732 2758 952 2815 cultum.
1015 2759 1125 2816 Ubi
1159 2756 1457 2829 religionis
1493 2757 1717 2813 cultura
1750 2757 2079 2832 negligitur,
2116 2759 2313 2815 vitium
2346 2766 2566 2817 naturae
2594 2768 2930 2821 renovatur.

317 2846 580 2903 Valeriam·
615 2846 803 2901 homil.
841 2848 910 2899 17
947 2862 1036 2917 ap.
1070 2847 1328 2902 sirmond.
1364 2861 1492 2918 opp.
1531 2849 1580 2915 1,
1616 2847 1739 2901 390.

569 3187 734 3261 167.
802 3184 925 3259 Ad
978 3211 1307 3285 vesperas
1360 3212 1401 3258 a
1451 3185 1717 3289 pascha
1768 3209 1995 3284 usque
2047 3182 2138 3256 ad
2190 3189 2692 3258 ascensionem.

312 3390 437 3457 Hie
481 3399 583 3455 est
626 3391 766 3456 dies
809 3411 1007 3457 verus
1029 3392 1160 3457 dei
1672 3387 1852 3473 Opus
1900 3395 2162 3472 stupent
2206 3395 2270 3452 et
2314 3388 2563 3471 angeli,

313 3501 543 3559 saneto
589 3512 859 3557 serenus
901 3495 1156 3577 lumine,
1669 3511 1930 3576 poenam
1964 3490 2261 3555 videntes
2308 3492 2629 3576 corporis,

318 3615 445 3680 quo
491 3592 674 3660 diluit
718 3598 982 3679 sanguis
1018 3616 1207 3663 sacer
1673 3595 2061 3679 Christoque
2110 3593 2551 3659 adhaerentem
2592 3616 2779 3663 reum
2843 3598 2930 3662 15

315 3703 640 3786 probrosa
681 3700 898 3765 mundi
943 3701 1239 3786 erimina,
1671 3699 1870 3764 vitam
1912 3700 2171 3765 beatam
2214 3718 2510 3784 carpere.

317 3888 547 3957 Fidem
591 3890 941 3959 refundens
984 3889 1256 3975 perfidis
1525 3894 1564 3954 5
1673 3890 2059 3977 Mysterium
2102 3890 2395 3956 mirabile
2410 3939 2428 3973 ‚

317 4011 661 4076 caecosque
707 3994 852 4058 visu
894 3993 1286 4058 illuminans:
1670 4002 1743 4061 ut
1790 3995 2010 4061 abluat
2051 3995 2271 4060 mundi
2311 3994 2514 4077 luem,

320 4116 509 4180 quem
552 4115 680 4161 non
726 4097 917 4180 gravi
962 4099 1175 4164 solvet
1216 4105 1393 4164 metu
1670 4106 1947 4183 peecata
1991 4099 2159 4163 tollit
2203 4100 2499 4182 omnium,

318 4201 588 4265 latronis
636 4202 954 4268 absolutio
969 4202 1005 4266 ‘e'
1672 4202 1888 4267 earnis
1931 4201 2091 4266 vitia
2132 4200 2448 4266 mundans
2493 4217 2669 4266 earo.
2841 4198 2937 4264 2o

322 4389 447 4469 Qui
491 4392 759 4475 praemio
803 4401 1055 4459 mutans
1101 4412 1362 4463 crucem
1674 4389 1840 4469 Quid
1884 4389 2012 4456 hoo
2054 4398 2274 4476 potest
2316 4389 2667 4474 sublimius,

318 4493 547 4561 Jesum
590 4498 778 4561 brevi
820 4500 1053 4581 quaerit
1088 4498 1221 4563 fide
1488 4499 1569 4566 10
1674 4503 1746 4562 ut
1790 4495 1984 4580 eulpa
2029 4501 2282 4580 quaerat
2323 4493 2603 4581 gratiam
2618 4540 2641 4577 ‚

305 4595 659 4682 justosque
702 4601 952 4683 praevio
997 4600 1210 4683 gradu
1676 4610 2041 4687 metumque
2085 4605 2302 4671 solvat
2346 4603 2588 4669 caritas
2604 4647 2623 4685 ,

322 4702 648 4785 praevenit
687 4703 754 4773 in
787 4723 1063 4789 regnum
1105 4704 1230 4774 dei.
1676 4704 2041 4792 reddatque
2081 4724 2259 4775 mors
2301 4706 2503 4774 vitam
2543 4720 2785 4772 novam
2802 4700 2846 4770 ἲ
