3159 5259
370 303 509 369 144

371 487 776 554 Debellatrix
821 487 1174 570 agminum,
1730 505 1854 571 per
1897 484 2108 551 erneis
2153 483 2458 548 auxilium

368 600 617 657 mentes
661 612 954 677 purgans
997 592 1325 656 hominum
1539 591 1625 655 20
1820 598 1886 653 et
1928 590 1994 653 in
2039 596 2150 653 tuo
2196 589 2451 652 nomine

459 698 673 760 veteri
718 697 1014 779 ealigine.
1733 699 1843 768 Ab
1889 703 1954 765 in
2001 719 2196 766 eursu
2240 700 2517 764 omnium
2918 700 3012 762 25

1731 805 1918 870 nobis
1968 802 2449 867 adversantium

372 892 634 1005 Summe
677 934 800 977 rex
844 912 1235 990 caelestium,
1818 914 2096 993 protege
2140 924 2261 970 nos
2307 905 2581 971 domine.

548 1102 667 1156 Aus
704 1097 1007 1154 derselben
1050 1098 1147 1153 Hs.
1182 1090 1220 1150 f.
1259 1095 1377 1149 176.
1446 1093 1512 1147 V.
1548 1094 1584 1147 3
1621 1093 1732 1147 und
1768 1093 1801 1146 6
1839 1090 1964 1146 siud
2000 1106 2101 1146 aus
2138 1092 2243 1149 No.
2287 1095 2406 1161 101,
2448 1097 2493 1148 1.
2528 1096 2578 1149 2.
2615 1095 2885 1152 entlehnt.

548 1220 612 1275 V.
653 1222 732 1275 10.
772 1224 851 1274 17.
921 1220 1173 1292 Chrysost.
1226 1219 1300 1273 ad
1352 1217 1526 1271 illum.
1581 1221 1688 1271 cat.
1742 1218 1794 1285 2,
1831 1217 1879 1269 5.
1960 1211 2060 1273 οὐκ
2108 1208 2270 1279 οἶδας
2281 1258 2299 1284 ,
2352 1214 2503 1274 πόσα
2541 1217 2922 1296 κατώρθωσεν
2971 1219 3010 1278 ὅ

370 1307 642 1385 σταυρόςς
676 1307 768 1364 τὸν
804 1306 1053 1363 θάνατον
1088 1307 1364 1372 κατέλυσε,
1400 1304 1495 1375 τὴν
1532 1303 1807 1379 ἁμαρτίαν
1844 1303 2048 1377 ἔσβεσε.

545 1397 611 1451 V.
651 1400 730 1451 13.
802 1396 967 1452 Diese
1003 1396 1354 1467 Anspieluug
1408 1392 1515 1450 auf
1554 1394 1648 1449 die
1687 1393 1965 1464 Theiluug
2017 1393 2117 1446 des
2167 1392 2373 1447 rothen
2408 1392 2625 1448 Meeres
2663 1393 2845 1449 durch
2885 1395 3008 1451 den

370 1486 514 1544 stab
552 1486 652 1540 des
687 1486 917 1556 Moyses
966 1484 1042 1539 ist
1075 1484 1132 1537 in
1171 1483 1296 1537 dem
1332 1484 1527 1538 Canon
1564 1481 1664 1535 des
1703 1481 1938 1537 Cosmas
1986 1495 2100 1534 von
2136 1480 2456 1535 Jerusalem
2503 1481 2617 1535 und
2653 1483 2755 1538 der
2789 1481 3000 1538 Erida-

367 1591 518 1646 rung
572 1575 671 1629 des
710 1574 1042 1630 Theodorus
1079 1571 1425 1629 Prodromus
1478 1569 1569 1624 bei
1608 1569 1818 1624 Gretser
1856 1583 1983 1638 opp.
2020 1568 2071 1634 3,
2107 1567 2225 1620 294.
2282 1565 2634 1623 aussiihrlieh
2671 1570 3001 1627 behandelt.

527 1661 593 1716 V.
631 1661 714 1716 16.
769 1660 864 1714 lux
899 1659 1191 1725 luminum,
1247 1654 1620 1728 φωτολαμπῆς
1659 1652 1902 1731 ἀστέρων
1937 1649 2125 1714 τύπος.
2163 1651 2410 1724 φώτισον
2444 1653 2594 1729 ἡμᾶς
2640 1656 2705 1730 τῇ
2756 1657 3001 1730 didm

371 1768 477 1807 σου
514 1751 731 1823 moed.
782 1748 936 1817 Sept.
972 1750 1056 1801 14.

546 1835 610 1890 V.
649 1837 731 1889 16.
771 1837 852 1888 18.
888 1838 971 1889 21.
1043 1833 1074 1890 ὁ
1128 1831 1373 1909 σταυρὸς
1420 1829 1700 1895 ὑπόθεσίς
1749 1832 1865 1887 ἐστι
1915 1836 2202 1905 σωτηρίας.
2271 1822 2432 1895 οὗτος
2468 1830 2615 1904 ἡμᾶς
2650 1833 2751 1903 τῆς
2787 1831 3000 1905 πλάνης

378 1918 721 1993 ἀπήλλαξεν,
774 1913 933 1983 οὗτος
970 1921 1026 1977 ἐν
1062 1920 1243 1977 σκότει
1278 1924 1629 1993 καθημένους
1666 1919 1956 1991 ἐφώτισεν,
2019 1911 2181 1984 οὗτος
2236 1921 2790 1991 ἐκπεπολεμωμένους
2847 1916 2999 1993 ἡμᾶς

371 2007 450 2065 τῶ
488 2008 612 2081 θεῷ
649 2006 973 2080 κατήλλαξε,
1028 2005 1569 2084 ἀπηλλοτριωμένους
1606 2005 1856 2080 ᾧκείωσε.
1931 2010 2184 2080 Chryses!-
2221 2009 2290 2064 de
2328 2024 2496 2064 cruce
2535 2011 2582 2078 1,
2623 2011 2672 2063 1.

1319 2292 1484 2365 110.
1553 2293 1671 2365 De
1720 2319 1775 2364 s,
1827 2317 2054 2364 cruce.

373 2481 822 2560 Quadriforme
870 2481 1078 2545 erucis
1124 2480 1406 2564 signum,
1730 2479 1806 2546 In
1850 2480 2208 2566 profundO,
2256 2479 2431 2563 quod
2473 2497 2603 2545 non
2648 2481 2875 2563 videa,

372 2582 743 2666 triumphali
785 2582 1019 2666 plausu
1064 2582 1365 2668 dignum,
1730 2602 1855 2648 neo
1898 2592 2250 2668 praesumat
2298 2591 2478 2649 tanta
2525 2584 2721 2669 tideo,
2905 2589 2997 2651 20

459 2704 930 2770 prosequamur
974 2686 1301 2752 laudibus:
1817 2694 2031 2751 cesset
2073 2686 2430 2769 inquisitio;

368 2798 529 2855 vota
576 2789 702 2853 deo
746 2789 1232 2873 persolvamuS,
1727 2812 1885 2877 pars
1933 2794 2217 2857 sublimis
2263 2793 2661 2878 manifestat,

372 2892 563 2958 dulee
600 2892 841 2975 lignum
887 2908 1292 2975 opponamus
1585 2894 1623 2955 5
1730 2896 1906 2980 quod
1947 2899 2013 2961 in
2060 2899 2225 2963 eoelo
2270 2899 2457 2965 nobis
2505 2906 2708 2963 restat

456 2997 694 3062 inimioi
737 2995 1089 3061 fraudibus.
1203 3060 1207 3064 .
1816 3010 1999 3068 certa
2039 3004 2477 3087 repromissio,

369 3159 447 3229 ln
488 3161 616 3226 hoo
660 3161 848 3243 signo
891 3160 1205 3242 singulari

369 3280 493 3327 nos
537 3272 798 3346 oportet
843 3262 1147 3327 admirari
1721 3241 1862 3307 Ista
1905 3242 2116 3306 crucis
2160 3251 2569 3308 sacramenta
2897 3246 2992 3309 25

461 3364 603 3447 ejus
648 3365 1219 3445 circumstantiam,
1728 3345 2237 3428 comprehendat
2279 3365 2460 3411 mens
2509 3348 2759 3414 intenta

370 3468 581 3533 crucis
628 3466 867 3530 christi
913 3468 1309 3551 quadratura
1541 3468 1623 3530 10
1812 3448 1968 3510 vitae
2011 3449 2546 3531 propugnacu¹a3

371 3571 544 3636 sacri
589 3570 796 3636 cultus
840 3572 906 3633 in
952 3570 1165 3653 figura
1728 3550 1920 3647 hujus
1955 3551 2117 3633 ligni
2159 3571 2280 3635 per
2323 3553 2624 3616 Virtutem

456 3669 637 3757 gerit
674 3674 1170 3740 observantiam,
1452 3729 1461 3738 ,
1728 3673 1848 3718 nos
1883 3656 2200 3740 perducat
2240 3655 2327 3737 ad
2361 3658 2635 3721 salutem

1817 3780 2025 3844 agnus
2074 3762 2212 3824 sine
2255 3762 2527 3827 macula.
2901 3763 2996 3828 30

366 3838 512 3918 Quo
557 3841 676 3904 sub
721 3838 849 3903 ritu
893 3838 1101 3902 forma
1145 3837 1353 3922 prima

368 3944 662 4011 caritatis
708 3944 1090 4026 expressiva

455 4048 728 4115 latitudo
772 4049 1070 4133 ponitur3
1540 4045 1621 4107 15

369 4160 844 4235 consequenter
886 4146 1256 4232 longitudo,

368 4273 497 4337 qua
542 4257 834 4337 signatur
879 4251 1276 4334 sanctitudo,

449 4377 889 4442 perseverans
935 4361 1186 4427 colitur.

549 4508 644 4564 Hs.
679 4524 732 4563 v·
766 4508 824 4564 S.
860 4509 1029 4566 Peter
1063 4529 1134 4566 zu
1169 4510 1502 4581 Karlsrnlm,
1540 4527 1593 4566 o.
1628 4511 1733 4567 No.
1773 4514 1840 4567 14
1873 4511 2068 4569 Jahn-h.
2104 4512 2207 4568 mit
2241 4511 2343 4568 der
2376 4510 2640 4569 Melodie.
2677 4508 2718 4566 f.
2755 4513 2875 4567 16⁰.

544 4632 579 4684 5
615 4647 962 4702 apponamus
990 4632 1091 4687 flu.
1165 4636 1232 4687 12
1271 4635 1636 4690 observantia
1670 4636 1765 4691 Hs.
1841 4637 1910 4690 13
1947 4635 2072 4692 dem
2096 4636 2289 4693 Reime
2323 4634 2471 4693 naeh
2504 4636 2584 4692 ist
2622 4618 2814 4692 dieser
2838 4636 3002 4695 Vers

365 4737 435 4776 so
472 4718 879 4777 henusteuon:
916 4734 1027 4791 qua
1060 4721 1166 4777 sub
1202 4718 1390 4779 forma
1424 4722 1726 4794 primitiva.

1728 4001 1842 4068 Ad
1887 4005 2031 4069 eoeli
2075 4004 2389 4087 palatium

1730 4108 1939 4172 erucis
1986 4123 2106 4170 nos
2152 4107 2450 4171 solatium

1817 4210 2062 4293 elevet,
2109 4228 2148 4275 o
2195 4209 2471 4275 Christe.
