3159 5259
384 325 519 393 290

388 506 576 576 Sicut
617 507 1050 594 personaliter
1556 507 1640 568 25
1743 499 1977 564 Vultus
2023 498 2116 561 tui
2153 497 2392 563 lumine

477 629 549 674 es
592 627 885 695 praesens
900 655 917 689 ,
964 606 1156 689 deus,
1200 623 1380 687 vere,
1832 617 1949 663 cor
1992 616 2204 661 meum
2246 596 2773 680 resplendescat,

387 711 488 777 sic
528 711 596 774 in
639 730 741 774 me
784 709 1103 774 vivaciter
1746 707 1856 765 tua
1900 718 2040 783 prae
2087 698 2433 765 dulcedine
2957 705 3054 765 35

476 809 766 894 digneris
812 826 1235 876 commanere.
1830 822 2013 867 mens
2055 822 2202 867 mea
2243 803 2714 887 inpinguescat.

389 971 652 1041 Vacuus
695 979 767 1036 ut
811 969 1007 1036 hodie
1747 963 1948 1029 Totus
1996 965 2127 1047 tibi,
2176 965 2454 1048 domine,

481 1074 628 1156 sim,
682 1072 811 1138 hoc
855 1089 989 1135 non
1030 1070 1205 1134 sinas
1224 1118 1241 1151 ‚
1289 1069 1469 1150 deus,
1557 1069 1642 1133 30
1832 1075 2215 1151 prosternor
2258 1070 2658 1151 incurvatae,

280 1194 285 1199 ·
386 1174 508 1241 sed
552 1175 620 1237 in
662 1180 775 1238 tua
819 1173 986 1237 facie
1745 1171 1854 1237 fac
1896 1189 2020 1255 pro
2065 1179 2178 1237 tuo
2221 1172 2506 1253 nomine,

476 1277 560 1340 sit
601 1277 834 1360 plenus
879 1292 1061 1340 amor
1107 1290 1303 1338 meus.
1832 1279 1905 1335 ut
1948 1290 2207 1356 semper
2251 1274 2372 1335 sim
2415 1276 2663 1338 beatus.
2933 1275 3032 1336 40

561 1457 657 1514 Hs.
692 1474 764 1512 zu
796 1457 1069 1514 Miinchen
1107 1456 1244 1512 Clm.
1278 1456 1439 1511 3012.
1472 1451 1513 1509 f.
1551 1456 1635 1508 15.
1673 1454 1741 1506 15
1775 1452 1970 1508 Jahrh.
2022 1451 2154 1523 Vgl.
2190 1452 2295 1509 No.
2330 1455 2453 1509 259.
2525 1459 2595 1511 12
2627 1471 2717 1511 me
2757 1451 2934 1512 fehlt.

568 1578 632 1633 V.
670 1582 699 1632 1
719 1580 844 1633 -4.
899 1578 957 1634 S.
992 1578 1223 1631 Ambros.
1262 1575 1329 1631 de
1364 1574 1649 1645 mysteriis
1686 1588 1734 1628 c.
1768 1575 1816 1627 9.
1852 1575 1887 1640 ς
1924 1574 2171 1628 52-54.
2243 1573 2680 1644 Sacramentum,
2718 1576 2885 1646 quod
2920 1593 3022 1633 ac-

388 1665 531 1737 cipis
548 1705 563 1735 ,
617 1666 801 1721 Christi
846 1678 1088 1719 semotae
1134 1662 1419 1732 conficitur.
1476 1693 1539 1703 —
1605 1660 1809 1718 Sermo
1845 1660 2083 1729 Christi,
2106 1660 2217 1730 'qui
2250 1662 2439 1732 potuit
2474 1679 2543 1717 ex
2576 1661 2757 1719 nihilo
2793 1660 3022 1734 facere,

388 1753 542 1825 quod
577 1768 691 1809 non
729 1757 881 1822 erat,
918 1767 1032 1807 non
1067 1755 1263 1821 potest
1297 1764 1396 1818 ea,
1433 1764 1559 1820 quse
1597 1754 1755 1817 sunt,
1793 1744 1851 1801 in
1887 1747 1945 1801 id
1977 1751 2213 1817 mutare,
2252 1748 2405 1819 quod
2437 1765 2552 1805 non
2587 1750 2793 1805 erant?
2872 1751 3020 1821 Hoc,

389 1839 543 1911 quod
580 1837 900 1895 conficimus
936 1853 1162 1908 corpuS,
1201 1853 1272 1892 ex
1305 1835 1529 1908 virgine
1567 1841 1686 1905 est;
1726 1850 1865 1890 vera
1898 1835 2090 1905 utique
2128 1850 2265 1891 caro
2293 1835 2532 1904 Christi,
2570 1852 2695 1908 quae
2733 1833 3020 1892 crucifixa

388 1931 509 1994 est,
544 1941 671 1995 quae
710 1925 930 1996 sepulta
967 1930 1083 1992 est3
1134 1939 1270 1977 vere
1307 1939 1451 1996 ergo
1488 1922 1676 1978 carnis
1712 1921 1866 1977 illius
1905 1927 2312 1978 sacramentum
2348 1928 2449 1978 est.
2506 1955 2571 1965 —
2634 1924 2760 1994 lpse
2799 1925 3022 1980 clamat

391 2010 648 2066 dominus
674 2012 870 2067 Jesus:
908 2010 1019 2066 hoc
1053 2016 1143 2066 est
1179 2025 1387 2080 corpus
1422 2025 1616 2065 meum.
1686 2011 1820 2064 Ante
1843 2011 2244 2065 benedictionem
2280 2010 2560 2066 verborum
2592 2014 2874 2068 caelestium
2911 2016 3022 2068 aliu

387 2103 585 2171 species
616 2101 931 2165 nommetur,
962 2102 1080 2168 post
1112 2100 1555 2153 consecrationem
1590 2112 1781 2167 corpus
1814 2097 2144 2168 siqnificalur.
2199 2098 2319 2168 Ipse
2356 2099 2477 2154 dicit
2498 2102 2806 2169 sanquinem
2839 2115 3019 2154 sum.

387 2190 511 2243 ante
558 2189 998 2241 consecrationem
1044 2186 1190 2240 aliud
1235 2185 1433 2240 dicitur.
1495 2189 1616 2256 post
1659 2190 2099 2241 comem-ationem
2147 2188 2359 2257 sanquis
2403 2189 2750 2255 nuncupatur.
2821 2186 2902 2242 Et
2951 2192 3016 2240 tu

389 2272 535 2329 dicis
570 2274 774 2342 Amen,
810 2274 920 2327 hoc
956 2278 1073 2341 est,
1108 2286 1304 2327 verum
1339 2277 1441 2326 est.
1530 2272 1765 2328 Ambros.
1801 2272 1872 2327 de
1909 2289 2143 2328 sacram.
2178 2275 2232 2342 4,
2266 2274 2316 2326 4.
2370 2270 2539 2325 Panis
2575 2272 2684 2326 iste
2719 2273 2891 2342 panIs
2927 2276 3020 2327 est

390 2363 526 2416 ante
561 2358 742 2413 verba
776 2348 1285 2427 sacramentorum3
1323 2358 1421 2413 ubi
1456 2358 1768 2414 accesserit
1804 2360 2178 2429 consecratio,
2217 2359 2287 2414 de
2323 2374 2471 2429 pane
2506 2354 2571 2412 fit
2606 2374 2744 2414 caro
2783 2358 3019 2415 Christi.

392 2446 517 2504 Hoc
553 2446 730 2517 igitur
765 2445 1130 2502 adstruamus.
1217 2444 1510 2511 Quomodo
1547 2450 1774 2515 potest,
1840 2445 1934 2517 qui
1971 2446 2133 2516 panis
2169 2450 2287 2515 est,
2349 2461 2556 2516 corpus
2593 2460 2716 2499 esse
2755 2445 3016 2502 Christi?

392 2536 800 2588 consecratione.
871 2531 1241 2587 Consecratio
1276 2537 1462 2587 autem
1500 2531 1700 2601 quibus
1736 2531 1928 2586 verbis
1965 2537 2056 2587 est
2091 2537 2150 2586 et
2178 2535 2342 2607 qu‘us
2379 2532 2774 2587 sermonibus?
2815 2534 3016 2588 domini

393 2622 537 2677 Jesu.
604 2636 735 2677 nam
771 2620 991 2691 reliqua
1027 2621 1241 2689 omnia,
1297 2635 1421 2690 quae
1459 2619 1719 2675 dicuntur
1755 2620 1810 2674 in
1848 2620 2263 2691 superioribus,
2319 2636 2354 2675 a
2390 2619 2687 2675 sacerdote
2726 2619 3012 2690 dicuntur,

393 2708 592 2765 laudes
641 2708 750 2763 deo
799 2704 1158 2776 deseruntur,
1223 2707 1413 2763 oratio
1449 2707 1661 2778 petitur
1706 2723 1813 2776 pro
1849 2706 2093 2777 populo,
2157 2723 2266 2778 pro
2302 2707 2564 2778 regibus,
2624 2721 2734 2778 pro
2771 2708 3013 2762 ceteris:

393 2795 484 2853 ubi
520 2798 749 2861 venitur,
811 2799 869 2849 ut
901 2794 1204 2862 conficiatur
1238 2795 1533 2850 venerabile
1567 2799 1975 2865 sacramentum,
2029 2797 2149 2861 jam
2194 2810 2302 2851 non
2347 2799 2453 2849 suis
2486 2795 2810 2850 sermonibus
2843 2799 3010 2850 utitur

394 2882 655 2952 sacerdos,
696 2882 791 2936 sed
821 2884 982 2936 utitur
1015 2880 1335 2935 semonibue
1370 2881 1571 2935 Christi.
1644 2896 1771 2951 erqo
1805 2895 1979 2935 sermo
2017 2881 2204 2934 Christi
2237 2882 2332 2935 hoc
2367 2881 2572 2950 conficit
2608 2886 3013 2937 sacramentum.

394 2971 517 3029 Ans
553 2968 745 3023 diesen
779 2966 1000 3023 Stellen
1055 2966 1205 3021 lernt
1249 2981 1376 3021 man
1425 2965 1533 3020 den
1571 2964 2085 3037 Sprachgebrauch
2133 2964 2235 3020 der
2282 2967 2436 3022 alten
2473 2968 2732 3023 Christen
2772 2967 3012 3022 kennen.

397 3055 525 3111 Von
563 3056 820 3111 Christus
857 3053 1029 3108 allein
1065 3052 1216 3107 kann
1251 3068 1378 3108 man
1414 3068 1591 3125 sagen
1624 3052 1756 3121 facit
1790 3057 2223 3121 sacramentum,
2272 3070 2386 3109 von
2423 3056 2549 3109 dem
2582 3054 2832 3111 Priester
2868 3056 3014 3112 aher

394 3158 504 3201 nur
540 3142 745 3212 conficit
776 3145 1208 3209 sacramentum3
1263 3139 1406 3194 denn
1443 3140 1545 3194 der
1580 3139 1832 3195 Priester
1867 3141 1944 3196 ist
1981 3140 2081 3195 das
2117 3140 2468 3212 Werkzeug,
2506 3159 2570 3196 er
2606 3142 2707 3196 hat
2740 3158 2847 3196 nur
2883 3143 3014 3198 eine

395 3230 728 3299 Mitm‘rlmnq
753 3227 847 3283 bei
875 3229 974 3283 der
1000 3227 1350 3298 Wandlung‚
1379 3226 1532 3281 diese
1560 3227 1739 3282 selbst
1766 3227 1840 3281 ist
1866 3228 2005 3282 aber
2032 3228 2135 3282 das
2164 3228 2352 3283 Werk
2380 3229 2591 3285 Christi
2619 3230 2776 3299 (Joh.
2807 3232 2893 3299 15,
2922 3234 3009 3301 5.)

394 3315 501 3375 Als
554 3315 851 3371 Bewirker
906 3314 1006 3369 der
1059 3313 1393 3384 Wandlung
1447 3313 1522 3368 ist
1574 3314 1833 3369 Christus
1881 3320 2150 3385 sacrator,
2213 3315 2302 3370 als
2337 3315 2653 3370 Mitvn‘rker
2690 3315 2868 3372 heisst
2905 3318 3013 3372 der

394 3400 652 3457 Priester
688 3404 1037 3455 consecrator.
1110 3401 1224 3455 Fiir
1262 3399 1367 3453 den
1404 3399 1730 3455 abstracten
1766 3400 1988 3471 Begriff
2009 3401 2084 3456 ist
2113 3403 2288 3458 daher
2315 3403 2418 3457 der
2443 3402 2685 3474 richtige
2712 3403 3016 3461 Ausdruck

396 3493 794 3555 sacramentum,
826 3488 1180 3557 sanctificam,
1214 3487 1544 3556 sacrificam,
1579 3484 1675 3541 fin·
1711 3487 1817 3541 den
1845 3494 2149 3544 concreten
2176 3493 2512 3545 consecratio.
2584 3488 2755 3543 Beide
2792 3490 3012 3545 Benen-

384 3588 625 3643 mungen
660 3574 893 3627 werden
932 3575 1069 3628 aber
1106 3572 1194 3629 oft
1230 3575 1377 3630 ohne
1413 3574 1786 3631 Unterschied
1821 3572 1918 3629 fiir
1954 3575 2220 3631 einander
2255 3580 2504 3648 gesetzt,
2539 3590 2708 3629 wenn
2741 3592 2870 3631 man
2917 3576 3012 3632 die

397 3658 706 3728 Handlung
740 3658 1082 3713 bezeichnen
1116 3660 1272 3728 will,
1309 3660 1445 3715 weil
1480 3664 1565 3715 ein
1598 3661 1897 3716 Ausdruck
1930 3661 2135 3717 kiirzer
2171 3663 2247 3717 ist
2281 3662 2370 3717 als
2406 3662 2565 3716 zwei.
2635 3662 2738 3717 Mit
2774 3663 3014 3719 Ambro-

392 3750 516 3807 sius
552 3751 762 3806 stimmt
797 3751 1010 3805 Hieron.
1046 3749 1209 3819 epist.
1250 3753 1335 3819 14,
1362 3753 1396 3806 8
1433 3767 1578 3822 ganz
1616 3752 1865 3822 iiberein,
1900 3753 2150 3809 welcher
2177 3759 2333 3826 sagt:
2373 3754 2583 3822 clerici,
2619 3752 2752 3824 quia
2777 3756 3011 3820 aposto-

394 3837 512 3893 lico
548 3837 752 3910 gradui
787 3837 1175 3904 succedentes,
1216 3839 1403 3893 Chri-sti
1436 3855 1628 3910 corpus
1661 3854 1816 3896 sacro
1853 3855 1948 3894 ore
1985 3840 2068 3910 (d.
2101 3841 2154 3895 h.
2190 3841 2289 3895 mit
2324 3841 2431 3896 den
2467 3841 2720 3896 Worten
2759 3838 3008 3906 Christi)

393 3928 686 3998 conficiunt.
756 3929 870 3984 Der
904 3925 1270 3999 angegebene
1311 3926 1529 3995 Grund,
1579 3927 1710 3998 quia
1750 3926 2073 3997 apostolico
2109 3926 2313 3998 gradui
2349 3927 2728 3994 succedentes,
2777 3924 3004 3980 hezieht

392 4014 517 4072 sich
554 4011 662 4069 auf
688 4015 791 4069 das
828 4014 1010 4070 Gebot
1044 4013 1254 4070 Christi
1289 4030 1390 4069 zur
1424 4014 1589 4070 Feier
1625 4014 1724 4069 des
1762 4016 1814 4069 h.
1850 4014 2202 4070 Abendmals.
2273 4015 2332 4070 S.
2367 4015 2472 4069 No.
2509 4017 2648 4083 210,
2686 4017 2770 4067 17.
2841 4013 3004 4068 Nach

395 4102 609 4158 diesem
644 4102 1125 4172 zusammenhang
1159 4100 1412 4173 hegreift
1445 4118 1572 4158 man
1609 4103 1801 4173 leicht,
1837 4117 2055 4157 warum
2089 4105 2557 4157 sacramentarium
2593 4101 2684 4155 ein
2710 4099 3006 4158 Messbuch

393 4189 609 4259 heisst,
674 4191 819 4245 deun
855 4191 1039 4246 dieser
1073 4190 1287 4245 Namen
1324 4192 1488 4247 riihrt
1522 4191 1628 4245 her
1662 4206 1778 4245 von
1815 4191 1937 4245 dem
1974 4189 2307 4245 Sacrament
2342 4189 2442 4243 des
2477 4188 2688 4244 Altars.
2761 4186 2863 4242 Bei
2899 4187 3006 4241 den

393 4276 671 4331 Griechen
719 4279 859 4333 aber
906 4278 982 4333 ist
1017 4274 1457 4354 ἁγιασματάριον
1495 4277 1597 4331 das
1634 4274 2210 4343 Sacramentenhuch,
2275 4275 2461 4331 worin
2508 4274 2598 4330 die
2636 4273 2844 4331 Gebete
2893 4273 3004 4328 und

388 4359 653 4432 Gesiinge
695 4363 984 4419 euthalten
1019 4361 1172 4433 sind,
1235 4363 1324 4418 die
1359 4363 1453 4419 bei
1486 4362 1824 4434 Ertheilung
1873 4362 1974 4417 der
2010 4361 2249 4432 iibrigen
2284 4362 2649 4417 Sacramenta
2687 4361 3002 4433 gebraucht

391 4450 627 4505 werden
646 4489 661 4518 ,
721 4466 844 4507 was
880 4452 991 4506 wir
1026 4452 1262 4523 Agende
1299 4452 1539 4508 heissen.
1611 4451 1771 4506 Nach
1807 4451 1931 4517 dem
1967 4449 2358 4521 griechischen
2394 4450 2604 4505 Worte
2641 4450 2875 4509 θείωσις
2909 4444 3002 4502 fiir

392 4536 484 4590 die
521 4535 851 4609 Wandlung
888 4545 1096 4594 nannte
1131 4556 1259 4594 man
1294 4540 1368 4595 im
1403 4543 1438 4595 3
1473 4538 1859 4596 Jahrhundert
1905 4537 1998 4592 bei
2034 4537 2143 4593 den
2179 4537 2481 4593 Lateinern
2517 4535 2604 4590 die
2640 4533 3000 4591 Messbiicher

395 4621 517 4679 libri
562 4624 753 4694 deifici,
808 4626 943 4679 weil
998 4626 1081 4680 sie
1136 4626 1228 4682 die
1283 4628 1491 4684 Gebete
1543 4626 1639 4681 bei
1691 4625 1794 4680 der
1842 4623 2174 4696 Wandlung
2227 4622 2549 4678 enthielten.
2607 4620 2733 4675 -Die
2786 4619 2998 4674 Heiden

389 4707 661 4786 meinten,
724 4710 815 4766 die
854 4712 1188 4785 Wandlung
1225 4730 1329 4786 sey
1364 4714 1489 4768 eine
1529 4710 1839 4782 zauberei,
1903 4709 2018 4767 und
2053 4710 2143 4765 die
2181 4711 2300 4768 libri
2335 4706 2501 4781 deifici
2545 4707 2995 4774 zauberbiicher,
