3159 5259
229 468 412 527 meu
438 467 507 527 V.
543 470 611 524 12
644 466 845 543 fulgen
879 471 1036 528 ‹liese
1068 477 1105 530 2
1138 476 1256 533 Str.

384 608 506 663 Nec
540 607 618 664 sit
652 609 807 665 salus
843 610 963 669 ullo
999 615 1169 673 modo

382 698 484 750 tuo
520 693 666 751 foris
700 699 1010 770 vocabulo,

385 797 424 837 a
458 798 572 853 quo
607 790 803 840 creata
839 793 1039 842 cuncta
1074 792 1232 859 sunt,

380 870 443 923 et
473 874 736 925 rectem
768 876 968 927 meta
999 878 1144 929 sunt.

231 997 400 1056 Nach
434 997 498 1052 V.
536 998 606 1052 16
639 994 840 1071 folgen
873 1000 1026 1056 diese
1059 1005 1096 1055 2
1130 1001 1244 1059 Str.

381 1084 519 1154 Qum
554 1087 883 1155 praeeminet
905 1089 1207 1145 virtutibus
1733 1094 1937 1151 Dicunt
1970 1098 2030 1151 et
2063 1097 2237 1154 astris
2273 1099 2466 1171 angeli
2479 1139 2494 1169 ,

379 1172 606 1227 summis
641 1174 844 1243 procul
863 1173 1231 1247 coelestibus,
1529 1182 1534 1189 '
1733 1181 1949 1237 demum
1981 1184 2197 1239 reverti
2231 1185 2579 1259 hujusmodi,

379 1257 517 1312 «leus
553 1272 690 1314 caro
725 1264 896 1331 atque
930 1261 1163 1332 spiritus
1177 1302 1193 1331 ‚
1732 1281 1893 1336 quem
1925 1282 2032 1323 nos
2068 1268 2257 1325 redire
2293 1271 2567 1328 credimus
2580 1313 2596 1344 ‚

376 1342 578 1413 plenus
615 1343 751 1400 deus
787 1361 1064 1418 verusque
1093 1347 1277 1404 homo.
1523 1356 1530 1363 ‘
1732 1367 1977 1425 regnare
2011 1370 2249 1425 prorsus
2288 1357 2560 1417 novimus.

232 1446 341 1501 Die
375 1446 546 1503 dritta
581 1447 992 1522 Veranderung
1037 1452 1192 1524 ποίει
1238 1452 1360 1508 sich
1397 1452 1473 1508 im
1509 1453 1748 1511 Brevier
1783 1455 1884 1511 ᾱοι·
1918 1457 2354 1532 cistercienser‚
2416 1462 2501 1518 sie
2536 1461 2711 1534 fiigen
2748 1462 2845 1518 die

233 1534 443 1590 zweite
477 1534 728 1607 Strophe
776 1536 874 1592 des
922 1534 1231 1611 folgenden
1263 1541 1517 1612 Hymnus
1569 1560 1646 1599 an
1699 1543 1789 1600 die
1845 1545 2030 1601 vierte
2077 1546 2177 1601 de·
2226 1547 2437 1620 obigen
2482 1549 2597 1605 und
2647 1549 2843 1605 lasse·

231 1620 451 1678 darauf
490 1623 580 1677 die
625 1624 947 1697 Doxologie
995 1624 1229 1698 fulgen,
1291 1627 1565 1684 wodurch
1601 1630 1701 1687 der
1734 1631 1938 1687 zweite
1974 1631 2224 1703 Hymnus
2259 1634 2357 1690 bei
2390 1635 2558 1691 ihnen
2592 1631 2844 1708 wegfiel.

230 1707 467 1764 Sodann
500 1709 600 1765 hat
635 1710 726 1766 ihr
749 1711 892 1766 Text
916 1709 1185 1784 folgende
1203 1714 1382 1771 Verse
1407 1714 1507 1772 des
1535 1717 1746 1790 obigen
1762 1719 2010 1790 Hymnus
2034 1717 2128 1774 hie
2156 1720 2267 1775 und
2291 1721 2365 1776 da
2389 1722 2612 1781 betont.
2651 1724 2765 1778 6—
2786 1724 2845 1782 8.

375 1796 558 1867 patris
593 1798 803 1853 locaris
839 1798 1073 1854 dextera
1589 1807 1673 1859 11.
1726 1811 1785 1861 et
1818 1803 2165 1862 infernorum
2199 1823 2390 1880 genua

377 1890 438 1940 et
470 1889 811 1956 potestatem
851 1885 1063 1956 accipis
1589 1893 1673 1945 12.
1724 1885 1953 1947 flectant
1988 1890 2046 1945 in
2079 1891 2217 1948 Jesu
2251 1892 2488 1950 nomine.

372 1970 684 2044 perfectam
718 1988 891 2043 super
925 1972 1124 2029 omnia.

406 2075 472 2130 V.
510 2078 595 2131 14.
645 2076 995 2132 Ascenden'te
1049 2077 1275 2135 domino
1327 2076 1645 2134 humanitas
1693 2082 1783 2133 est
1834 2078 2100 2136 exaltata.
2183 2082 2402 2153 Greqor.
2446 2084 2516 2141 Μ.
2570 2085 2714 2141 hom.
2768 2084 2832 2140 in

225 2178 319 2218 ev.
353 2167 406 2232 2,
440 2163 530 2232 29,
566 2164 616 2218 9.
687 2163 903 2233 (ἕτερον.
932 2162 1060 2220 Naz-
1113 2180 1198 2219 or.
1245 2166 1317 2220 39
1362 2181 1414 2236 p.
1450 2164 1571 2219 631.
1619 2168 1753 2235 sagt
1799 2176 1914 2221 von
1961 2166 2245 2224 Christus:
2294 2169 2327 2227 ὁ
2373 2171 2701 2246 ἐπιβεβηκώς
2732 2172 2833 2228 ἐπὶ

227 2249 326 2307 ’τὸν
359 2246 595 2327 οὐρανὸν
645 2248 743 2306 τοῦ
779 2246 1019 2326 οὐρανοῦ
1051 2250 1191 2307 κατὰ
1227 2248 1496 2315 ἀνατολὰς
1530 2250 1629 2325 τῆς
1676 2253 1822 2316 ἰδίας
1858 2250 2023 2325 δόξης
2056 2274 2114 2310 τε
2146 2259 2238 2311 καὶ
2272 2256 2677 2334 λαμπρόεητος,
2733 2259 2831 2314 ἐπὶ

226 2336 454 2410 δυσμῶν
491 2336 775 2406 δοξάζεται
808 2336 905 2409 τῆς
936 2337 1205 2416 ἡμετέρας
1239 2338 1504 2405 εὐτελείας
1536 2344 1629 2396 καὶ
1663 2339 2052 2412 ταπεινότητος.
2122 2342 2289 2401 Solet
2333 2345 2606 2416 quosdam
2652 2342 2837 2400 offen-

219 2425 365 2481 dere
412 2426 508 2481 vel
553 2427 756 2499 impios
803 2426 1048 2500 gentiles
1097 2426 1192 2481 vel
1239 2427 1543 2483 haereticos
1561 2467 1576 2498 ‚
1641 2427 1794 2498 quod
1844 2428 2133 2487 credamus
2168 2438 2509 2503 assumptum
2542 2437 2837 2488 terrenum

224 2528 437 2587 corpus
474 2514 536 2573 iu
569 2515 783 2573 coelum.
848 2515 949 2570 sed
995 2514 1238 2587 gentiles
1287 2515 1614 2586 plerumque
1649 2515 2117 2588 philosophorum
2151 2516 2499 2588 argumentis
2534 2515 2831 2573 uobiscum

221 2616 406 2674 agere
442 2603 683 2673 student,
719 2609 783 2659 ut
816 2603 1021 2672 dicant,
1056 2606 1338 2658 terrenum
1372 2603 1586 2675 aliquid
1619 2603 1677 2659 in
1714 2604 1862 2662 coelo
1900 2620 2025 2662 esse
2061 2620 2174 2659 non
2191 2620 2389 2675 posse;
2421 2607 2651 2660 nostru
2677 2602 2831 2658 enim
2870 2618 2887 2631 ⁸

223 2689 540 2760 scripturas
584 2707 696 2747 non
730 2696 1026 2761 noverunt,
1063 2709 1167 2748 nec
1189 2693 1400 2763 sciunt,
1438 2694 1718 2765 quomodo
1754 2695 1961 2752 (lictum
1987 2695 2085 2751 sit:
2124 2694 2429 2749 seminatur
2460 2708 2672 2766 corpus
2706 2689 2835 2747 ani-

219 2777 401 2848 male,
450 2778 637 2850 surgit
684 2792 892 2850 corpus
930 2779 1187 2850 spiritale
1222 2783 1287 2850 (1
1326 2780 1733 2851 Cor.15‚44).
1796 2797 1910 2837 non
1945 2783 2090 2837 enim
2124 2783 2205 2838 ita
2241 2782 2446 2838 dictum
2466 2786 2596 2852 est,
2660 2779 2830 2851 quasi

221 2882 438 2938 corpus
473 2870 732 2921 vertatur
766 2867 824 2921 in
858 2867 1115 2966 spiritum
1151 2873 1210 2922 et
1241 2867 1473 2938 spiritus
1507 2864 1637 2937 fiat,
1674 2867 1806 2939 quia
1839 2872 1899 2924 et
1933 2885 2078 2924 nunc
2112 2884 2317 2938 corpus
2353 2873 2632 2935 nostrum,
2669 2864 2827 2937 quod

220 2953 468 3011 animale
496 2952 713 3023 dicitur,
747 2970 860 3008 non
891 2953 953 3008 in
987 2954 1226 3009 animam
1259 2969 1488 3011 versum
1520 2961 1614 3011 est
1639 2961 1698 3015 et
1724 2955 1909 3011 anima
1935 2953 2168 3012 factum.
2206 2955 2308 3010 sed
2335 2952 2593 3026 spiritale
2609 2965 2825 3023 corpus

219 3040 583 3112 intelligitur,
621 3041 771 3112 quod
805 3040 888 3096 ita
922 3040 1148 3111 spiritui
1181 3040 1458 3097 subditum
1485 3047 1589 3112 est,
1625 3048 1689 3098 ut
1714 3044 1931 3098 coelesti
1956 3041 2293 3098 habitationi
2318 3038 2632 3107 conveniat,
2669 3033 2828 3092 omni

218 3127 543 3201 fragilitate
590 3143 658 3183 ac
704 3128 836 3185 labe
884 3133 1112 3183 terrena
1157 3126 1217 3183 in
1252 3128 1538 3185 coelestem
1572 3130 1879 3201 puritatem
1912 3135 1973 3185 et
2006 3127 2368 3184 stabilitatem
2401 3130 2616 3182 mutata
2650 3129 2826 3197 atque

219 3233 518 3274 conversa.
572 3218 694 3273 haec
731 3221 821 3271 est
854 3215 1198 3285 immutatio,
1234 3215 1306 3271 de
1342 3232 1452 3287 qua
1486 3215 1621 3272 item
1657 3215 1793 3271 dicit
1827 3215 2147 3286 spostolus:
2212 3230 2403 3271 omnes
2440 3228 2823 3285 resurgemus,

217 3306 328 3363 sed
361 3322 476 3362 non
511 3322 701 3362 omnes
734 3305 1144 3361 immutabimur
1182 3304 1346 3375 (ibid.
1381 3320 1436 3359 v.
1470 3306 1590 3373 51).
1660 3320 1827 3376 quam
1861 3300 2297 3359 immutationem
2330 3315 2442 3357 non
2479 3300 2535 3355 in
2570 3298 2822 3356 deterius

220 3394 327 3452 sed
378 3394 437 3449 in
489 3393 687 3449 melius
735 3389 888 3462 fieri,
937 3392 1105 3447 docet
1140 3391 1313 3461 idem,
1368 3406 1492 3447 cum
1528 3390 1691 3447 dicit:
1755 3395 1814 3446 et
1846 3406 1952 3445 nos
1987 3388 2409 3445 immutabimur.
2479 3386 2595 3443 Sed
2626 3386 2725 3442 ubi
2758 3389 2825 3444 et

219 3481 504 3556 quomodo
553 3482 630 3537 sit
674 3481 731 3539 in
779 3480 928 3536 coelo
977 3494 1183 3551 corpus
1232 3479 1590 3550 dominicum,
1654 3479 2093 3535 curiosissimum
2126 3482 2184 3532 et
2219 3490 2693 3547 supervacaneum
2727 3474 2825 3531 est

211 3586 507 3643 quaerere3
542 3568 926 3625 tantummodo
961 3568 1018 3623 in
1053 3566 1201 3624 coelo
1237 3582 1363 3624 esse
1399 3567 1733 3625 credendum
1767 3571 1868 3622 est.
1921 3567 2183 3636 Amyn-sest
2218 3564 2287 3619 de
2313 3561 2423 3622 fide
2448 3569 2509 3619 et
2533 3563 2709 3636 symb.
2729 3562 2821 3619 13.

1739 567 1877 623 Hoec
1910 571 2072 633 tanta
2107 570 2319 627 Clu-isti
2351 572 2543 643 gratia

1738 669 1941 721 nexum
1974 655 2131 713 tollit
2165 659 2544 728 peccaminum

1740 738 1807 811 (l-
1845 743 2221 810 peccaminum
2256 760 2456 799 nexum
2490 744 2670 815 tulit),

1739 825 2081 898 sumpsitque
2120 842 2328 899 corpus
2362 829 2653 901 proprium

1738 915 2026 983 totumque
2061 914 2318 984 possidet
2351 916 2558 987 polum.

980 3853 1145 3927 172.
1224 3850 1348 3925 Ad
1397 3851 1689 3946 laudea,
1734 3849 2051 3951 hymnus.

1571 4014 1641 4071 et
1683 4005 1886 4071 corda
1930 4022 2180 4069 sursum
2223 4001 2495 4069 subleva

213 4085 354 4170 Tu,
399 4084 688 4169 Christe,
733 4094 1022 4151 nostrum
1066 4086 1404 4171 gaudium,
1570 4107 1657 4174 ad
1698 4116 1765 4173 te
1811 4108 2094 4193 superna
2137 4105 2382 4192 &3533

218 4208 486 4257 manens
532 4189 794 4272 olympo
839 4189 1188 4273 praemium'
1567 4236 1658 4305 Ut
1701 4256 1844 4303 cum
1886 4244 2158 4321 repente
2203 4235 2482 4320 coeperis

1571 4343 1824 4409 clarere
1862 4344 2033 4407 nube
2071 4340 2330 4425 judicis,
2735 4340 2825 4439 10

1572 4463 1804 4529 poenas
1846 4443 2133 4527 repellas
2177 4442 2463 4526 debitae,

1427 4582 1468 4646 5
1572 4548 1814 4615 reddas
1858 4564 2135 4615 coronas
2179 4547 2488 4634 perditas.

217 4293 436 4360 mundi
481 4294 659 4377 regis
705 4292 812 4375 qui
856 4293 1170 4359 fabricam

216 4395 540 4469 mundana
581 4397 850 4461 vincens
895 4395 1151 4478 gaudia.

214 4581 385 4653 Hinc
425 4592 492 4650 te
536 4589 883 4670 precantes
929 4600 1290 4664 quaesumus
1307 4629 1326 4667 ‚

212 4690 487 4773 ignosce
530 4688 738 4777 culpis
784 4684 1073 4755 omnibus
1576 4685 1803 4755 Gloria
1844 4684 1962 4753 tibi
2006 4682 2262 4752 domine
2306 4693 2431 4752 etc.
