3159 5259
422 273 511 340 16

420 474 497 514 an
541 458 711 530 jener
760 471 877 516 von
930 457 1026 524 11,
1083 456 1165 509 12.
1236 455 1307 508 13
1352 451 1699 524 possidendo
1744 454 1810 508 A.
1882 453 1980 522 13,
2028 453 2125 520 15,
2175 450 2245 506 16
2293 455 2448 506 totns
2493 451 2603 508 Ac.
2647 452 2747 505 ’14
2783 455 2975 506 tonas
3016 452 3085 510 G.

421 546 494 600 16
547 549 701 601 totus
746 544 806 599 in
853 542 1185 614 complendo
1233 542 1291 598 G.
1376 542 1478 611 19,
1525 543 1599 596 20
1634 540 1832 596 stehen
1877 540 1936 595 in
1972 541 2017 597 C
2052 555 2162 595 vor
2200 541 2304 608 17,
2346 539 2428 593 18.
2516 539 2589 592 2⁰
2641 537 2965 594 suscitaris
3005 540 3084 596 Δ.

421 633 494 687 25
542 637 754 688 aeterna
799 634 864 688 A.
945 632 1017 686 26
1063 629 1277 686 altatur
1321 632 1386 686 A.
1467 633 1539 686 27
1572 630 1649 686 ad
1684 646 1765 701 pr.
1801 630 1862 687 C.
1955 632 2022 686 31
2061 635 2187 686 toto
2224 629 2288 681 A.
2373 627 2443 681 33
2479 642 2560 680 ex.
2598 626 2740 681 artis
2775 641 2970 698 purae
3003 627 3082 683 A.

421 721 495 774 34
529 735 612 790 pr.
648 723 922 774 creaturae
957 720 1022 774 A.
1074 714 1318 772 Hierauf
1341 716 1444 771 hat
1475 717 1528 771 A
1561 718 1709 772 noch
1743 715 2012 788 folgende
2047 716 2255 771 Verse:

493 807 619 860 hoec
654 821 749 860 ars
784 804 969 858 lumen
1004 803 1186 858 virtus
1222 803 1343 859 vita
1852 803 2092 860 formam
2127 805 2304 860 donet
2338 800 2632 857 creaturis,

492 893 552 948 in
588 889 825 949 facturis
859 892 1024 963 viget
1057 892 1138 946 ita
1151 932 1167 961 ,
1850 894 1975 948 haec
2008 892 2106 947 lux
2137 893 2258 947 vita
2292 890 2525 946 verbum
2561 903 2733 944 causa

494 985 560 1035 ut
590 979 691 1034 lux
724 979 866 1034 lucis
901 981 1207 1036 inaccessa
1849 979 2000 1051 apud
2035 984 2253 1050 patrem
2287 976 2397 1034 fuit
2432 975 2626 1033 clausa
2639 1018 2655 1045 ,

499 1065 713 1121 cunctis
730 1067 898 1122 rebus
918 1071 1153 1138 praestat
1169 1066 1237 1136 (l.
1250 1070 1516 1137 praestet)
1533 1083 1679 1140 esse,
1851 1068 1954 1124 sed
1989 1084 2092 1139 per
2125 1068 2358 1124 verbum
2393 1071 2732 1132 eructatum,

498 1162 558 1213 et
590 1157 688 1212 lux
720 1156 915 1213 lucens
948 1158 1008 1213 in
1042 1157 1298 1214 obscuris
1851 1155 2117 1226 quidquid
2152 1161 2365 1225 exstat,
2399 1160 2489 1210 est
2523 1158 2785 1209 creatum.

426 1264 518 1321 Ad
552 1259 728 1318 filium
764 1262 951 1319 oratio
985 1263 1048 1318 Β.
1114 1263 1184 1317 35
1211 1261 1443 1317 verbum
1468 1294 1535 1304 -
1569 1259 1856 1333 coaequale
1884 1259 1929 1314 B
1970 1259 2206 1330 aequalis
2234 1261 2298 1313 A.
2353 1259 2423 1314 36
2460 1255 2964 1313 consubstantiale
3003 1258 3070 1314 Β.

424 1352 501 1405 40
535 1350 830 1422 suscepisti
865 1350 986 1419 Bc,
1023 1350 1177 1404 nicht
1211 1365 1279 1405 so
1315 1355 1420 1421 gut
1454 1348 1566 1404 wie
1602 1346 1952 1420 assumpsisti
1988 1345 2077 1402 als
2111 1346 2397 1403 Parallele
2434 1362 2505 1404 zu
2538 1342 2782 1401 induisti.
2849 1346 2954 1416 41,
2996 1348 3065 1401 42

423 1434 616 1493 fehlen
650 1439 708 1492 in
744 1438 804 1492 Β.
875 1438 1019 1492 nach
1053 1439 1125 1490 44
1158 1438 1260 1491 hat
1292 1437 1345 1492 A

496 1525 664 1597 virgo
699 1529 865 1596 partu
900 1522 1171 1595 virginali
1854 1524 2182 1595 procreavit
2216 1522 2521 1577 increatum

496 1619 557 1669 et
592 1617 867 1682 conceptu
906 1610 1151 1681 spiritali
1851 1611 2086 1665 verbum
2116 1610 2296 1681 patris
2332 1610 2692 1664 incarnatum.

380 1717 497 1773 «46
531 1721 777 1771 mutatus
812 1714 918 1772 Bc.
991 1717 1063 1769 47
1097 1715 1189 1768 hic
1224 1711 1317 1769 ffir
1350 1729 1455 1770 nec
1490 1715 1537 1770 Β
1574 1715 1686 1772 hoc
1721 1716 1782 1772 G.
1850 1712 1946 1770 fiir
1986 1719 2083 1786 51,
2120 1717 2190 1768 52
2225 1716 2327 1770 hat
2362 1713 2407 1767 B

498 1819 670 1858 verus
707 1803 872 1872 deus,
911 1817 1083 1857 verus
1119 1802 1317 1873 homo,
1854 1806 2023 1862 homo
2062 1805 2200 1861 deus
2220 1845 2235 1873 ‚
2271 1805 2409 1859 deus
2445 1804 2628 1858 homo.

431 1911 504 1964 53
532 1908 657 1981 jam
690 1913 729 1962 t.
767 1907 827 1965 G.
909 1909 981 1961 54
1013 1912 1253 1979 utroque
1291 1907 1350 1964 C.
1433 1907 1505 1961 56
1541 1903 1696 1965 facta
1730 1909 1837 1966 Bc.
1920 1910 1992 1964 58
2026 1908 2329 1981 legislator
2365 1910 2425 1965 0.
2509 1909 2654 1964 nach
2689 1908 2760 1962 5⁶
2797 1907 3060 1964 schaltet

427 1997 482 2053 A
518 1995 641 2049 ein:

500 2099 536 2138 o
575 2083 829 2137 humanae
866 2081 1075 2153 linguae
1113 2082 1414 2153 plectrum,
1851 2101 1962 2156 quo
1999 2083 2190 2140 divina
2225 2090 2284 2139 et
2319 2084 2557 2137 bumana

498 2169 670 2225 lauda
703 2170 896 2226 mirum
933 2172 1043 2226 hoc
1079 2172 1374 2242 electrum,
1855 2172 2119 2228 uniuntur
2154 2167 2264 2227 fide
2300 2187 2453 2226 sana.

427 2258 556 2314 Nun
591 2255 746 2329 folgt
780 2262 849 2312 57
886 2273 1013 2313 nam
1051 2259 1141 2314 hic
1177 2266 1321 2315 nost.
1357 2275 1425 2315 m.
1503 2261 1573 2316 59
1615 2259 1930 2331 baptisatur
1965 2261 2027 2315 B.
2082 2260 2152 2314 60
2187 2254 2493 2313 tumulatur
2528 2256 2589 2310 Β.
2643 2256 2713 2311 63
2749 2256 2842 2311 hic

425 2349 499 2402 64
532 2345 676 2402 fehlt
709 2346 848 2416 hier,
884 2344 1053 2402 dafiir
1091 2347 1151 2402 in
1188 2347 1233 2401 Β

494 2440 703 2508 regnat
739 2451 840 2490 rex
874 2434 1281 2491 inthronizatus
1294 2476 1310 2505 ,
1450 2463 1454 2470 -
1857 2435 2006 2506 quod
2043 2437 2358 2505 conregnat
2392 2432 2561 2486 homo
2600 2430 2727 2500 deo,

497 2524 654 2579 cuius
689 2524 855 2579 sedes
891 2530 980 2579 est
1014 2539 1051 2578 a
1089 2523 1304 2579 dextris
1853 2539 1998 2578 nunc
2033 2524 2090 2577 in
2126 2523 2333 2578 throno
2368 2519 2596 2591 pietatis

498 2611 697 2666 summi
730 2611 886 2683 regis
923 2611 1016 2666 dei
1046 2612 1256 2683 patris,
1853 2609 1994 2664 dans
2030 2610 2298 2664 virtutum
2333 2608 2482 2662 dona
2501 2606 2729 2678 gratis,

497 2698 596 2770 qui
630 2704 944 2771 conregnat
979 2703 1229 2769 sumptus
1264 2697 1433 2754 homo
1854 2701 1987 2768 post
2021 2696 2080 2750 in
2117 2696 2324 2750 throno
2362 2693 2644 2765 aequitatis

500 2787 570 2843 de
606 2787 787 2842 David
821 2787 1007 2859 regali
1043 2787 1209 2842 domo
1224 2827 1239 2856 ,
1852 2784 2095 2840 reddens
2124 2784 2286 2856 justa
2320 2798 2427 2853 pro
2464 2781 2714 2853 peccatis

496 2877 562 2927 ut
596 2872 672 2927 sit
706 2870 859 2926 salus
896 2872 1024 2927 inde
1060 2887 1162 2927 reo
1176 2914 1191 2940 ,
1855 2869 2078 2925 tandem
2109 2869 2290 2942 judex
2324 2866 2626 2921 revelatus.

425 2960 556 3017 Nun
590 2958 743 3032 solgt
775 2963 848 3016 64
883 2962 995 3017 und
1029 2957 1262 3017 hierauf
1287 2960 1442 3017 diese
1478 2960 1720 3018 zusatze
1753 2960 1812 3014 in
1847 2958 1893 3011 Β

498 3068 619 3124 prae
653 3051 1022 3107 immensitate
1060 3052 1222 3125 cujus
1858 3046 1964 3101 sub
2005 3061 2116 3116 quo
2150 3043 2385 3102 mundus
2423 3040 2763 3112 disparebit,

499 3141 661 3196 deest
695 3141 856 3196 locus
896 3141 1085 3195 mundi
1121 3141 1317 3213 hujus,
1855 3135 2000 3190 sicut
2035 3139 2342 3205 apparente
2379 3130 2502 3186 sole

501 3226 933 3295 sempiternitati
970 3227 1132 3298 cujus
1853 3241 1998 3280 nunc
2030 3224 2321 3293 disparent
2351 3221 2499 3288 luna,
2537 3218 2753 3274 stellae.

501 3309 652 3365 cedit
686 3315 903 3380 tempus
938 3310 1124 3365 mundi
1162 3311 1358 3383 hujus,
1849 3312 1910 3367 in
1946 3310 2247 3381 splendore
2282 3308 2426 3365 tanti
2461 3306 2604 3364 solis

500 3396 851 3466 spiritalitati
887 3400 1048 3471 cujus
1851 3399 2036 3454 lumen
2074 3398 2239 3453 dulce
2274 3396 2373 3454 fiet
2407 3397 2576 3464 solis,

501 3483 668 3538 cadet
702 3483 771 3552 (l.
808 3483 1002 3552 cedet)
1036 3480 1223 3539 forma
1254 3482 1444 3539 mundi
1478 3485 1665 3559 hujus.
1853 3486 2052 3558 quibus
2086 3501 2228 3556 opus
2264 3484 2622 3540 tenebrarum

498 3570 817 3642 praeteribit
851 3587 978 3625 nam
1014 3567 1199 3643 figura
1852 3576 1910 3631 in
1945 3578 2053 3631 hac
2089 3575 2210 3630 vita
2244 3591 2357 3630 non
2393 3579 2482 3629 est
2517 3588 2735 3642 carum,

498 3655 689 3711 mundi
724 3656 908 3729 hujus,
946 3673 1059 3711 non
1087 3662 1316 3724 natura,
1853 3664 2004 3734 quod
2038 3662 2243 3734 iniquis
2278 3658 2343 3717 fit
2380 3676 2639 3715 amarum.

502 3744 727 3813 quando
767 3743 1023 3800 Christus
1060 3745 1383 3815 apparebit,

430 3829 632 3887 Oratio
667 3832 741 3885 ad
777 3848 857 3902 sp.
896 3848 938 3887 s.
975 3833 1035 3887 B.
1106 3835 1177 3887 67
1225 3849 1464 3889 concors
1511 3833 1572 3889 B.
1644 3835 1715 3891 69
1750 3852 1853 3891 nec
1889 3843 1977 3892 est
2012 3838 2064 3893 A
2109 3851 2213 3892 nec
2252 3837 2310 3894 C.
2384 3840 2448 3890 71
2469 3837 2619 3890 -74
2654 3833 2838 3891 sehlen
2874 3835 2936 3891 in
2971 3838 3040 3909 B,

429 3914 599 3973 dafiir
636 3919 788 3974 steht

502 4011 741 4079 quantus
775 4010 966 4077 pater,
1002 4011 1192 4062 tantus
1226 4011 1419 4078 natus,
1855 4015 2043 4065 tantus
2078 4010 2366 4083 utriusque
2401 4008 2582 4068 flatus.

427 4096 501 4150 ¹78
537 4094 878 4151 subsidendo
914 4095 977 4150 C.
1055 4095 1127 4148 80
1160 4111 1205 4150 s.
1241 4111 1380 4149 unus
1416 4095 1465 4150 d.
1501 4095 1546 4150 B
1585 4095 1691 4167 dii,
1741 4097 1841 4152 sed
1876 4095 2020 4153 fehlt
2054 4099 2112 4155 G.
2197 4100 2264 4154 81
2315 4098 2384 4154 de
2421 4100 2529 4154 deo
2577 4115 2628 4152 v.
2667 4098 2728 4155 C.
2774 4099 2881 4153 hoc
2915 4116 3040 4159 uno

427 4182 481 4236 d.
517 4197 569 4235 v.
605 4183 665 4236 B.
740 4184 809 4238 82
846 4183 928 4237 sic
963 4187 1096 4252 tres.
1134 4199 1182 4235 u.
1219 4181 1280 4236 Β.
1352 4182 1422 4237 84
1456 4200 1627 4255 ussye
1665 4185 1709 4242 C
1745 4190 1808 4240 ut
1842 4185 1962 4240 usie
1999 4186 2060 4240 B.
2129 4183 2374 4242 Hierauf
2400 4184 2561 4241 fahrt
2595 4187 2639 4241 B
2677 4201 2744 4241 so
2781 4183 2922 4242 fort:

501 4270 794 4341 assignare
829 4288 942 4326 non
977 4269 1298 4339 formidem,
1855 4288 1978 4328 cum
2013 4273 2089 4328 sit
2122 4275 2300 4329 trinus
2335 4291 2476 4330 unus
2513 4273 2671 4328 idem.

429 4358 502 4414 89
538 4374 587 4412 n.
622 4357 764 4411 visoe
800 4364 1091 4414 nat-uretur
1125 4358 1184 4415 C.
1256 4358 1328 4412 90
1362 4356 1484 4413 ullo
1519 4358 1584 4414 A.
1654 4358 1897 4416 Hierauf
1925 4360 2024 4415 hat
2060 4360 2105 4414 Β
2143 4360 2314 4415 allein
2351 4361 2563 4416 dieses:

501 4446 696 4502 domus
733 4445 899 4517 hujus
933 4445 1251 4518 majestatis
1856 4449 1937 4502 ita
1972 4464 2146 4518 purus
2182 4455 2242 4504 et
2277 4449 2525 4520 quietus,
3135 4403 3143 4542 1

500 4532 793 4589 creatricis
829 4534 1098 4588 trinitatis
1856 4540 1919 4589 ut
1953 4539 2043 4590 est
2077 4536 2408 4606 angelorum
2444 4542 2654 4608 coetus;

498 4627 591 4677 est
626 4628 852 4677 creatus
886 4621 1206 4678 intellectus
1857 4619 1950 4690 qui
1986 4620 2053 4691 (l.
2090 4621 2211 4690 cui)
2246 4620 2413 4678 bomo
2450 4624 2727 4694 sociatur,

500 4725 747 4768 vesanus
783 4708 853 4782 (1.
880 4707 964 4768 ita
997 4710 1149 4782 san.)
1184 4713 1244 4766 et
1276 4708 1561 4784 perfectus
1575 4750 1593 4784 ,
1856 4706 1986 4766 dum
2020 4707 2268 4780 peccatis
2304 4716 2650 4784 expurgatur
2667 4750 2683 4781 ,
