3159 5259
216 522 507 598 stupens
553 521 621 577 et
663 513 986 578 admirans
1056 534 1061 539 ·
1411 514 1491 575 15
1600 522 1668 577 et
1711 513 1892 577 nasci
1934 528 2066 577 non
2109 513 2466 598 despexisti
2763 519 2854 583 25

225 615 446 699 digito
490 617 978 683 demonstravit.
1686 613 1770 678 de
1814 613 2027 679 Maria
2069 615 2356 699 virgine;

226 777 526 862 Christe,
571 780 779 864 patris
823 781 1039 862 unice,
1176 782 1181 787 “
1212 808 1219 818 ·
1600 774 1722 853 Qui
1765 774 2041 841 Mariam
2083 776 2344 861 elegisti

224 881 348 963 qui
392 880 595 943 semel
638 881 943 960 introisti,
1682 878 1826 944 fore
1869 888 2141 945 matrem
2183 883 2422 964 gratiae

227 982 551 1049 obediens
593 984 797 1067 patri,
1599 988 1794 1065 atque
1836 1000 1956 1047 nos
2001 1003 2042 1048 a
2084 1000 2271 1048 coeno
2314 982 2485 1065 tristi

226 1084 574 1151 offerendo
618 1094 684 1150 te
729 1087 938 1171 ipsum
1403 1084 1489 1149 20
1683 1085 1902 1167 piasti,
1945 1104 2065 1150 rex
2109 1087 2384 1169 optime,
2717 1144 2726 1149 r
2760 1083 2850 1150 30

222 1187 513 1255 hostiam
554 1189 774 1254 vivam

221 1309 360 1376 pro
396 1294 634 1357 nostris
679 1291 947 1357 delictis.
1595 1245 1848 1311 Proesta
1892 1248 2096 1329 ¹¹⁰b532
2141 1246 2316 1330 q¹¹⁰d
2358 1255 2675 1332 01>th

1683 1369 1808 1432 per
1848 1348 2080 1414 Mariae
2124 1349 2432 1433 gloriam,

230 1450 365 1529 Qui
409 1452 494 1516 de
540 1452 720 1516 coelis
766 1449 1185 1532 descendisti,
1597 1456 1669 1514 ut
1713 1467 1982 1514 servare
2024 1451 2357 1516 valeamus

230 1640 239 1651 .
321 1551 693 1617 misericors
738 1552 1022 1634 domine,
1684 1552 2016 1618 coelestem
2059 1553 2489 1620 concordiam.

425 1734 519 1789 Hs,
556 1733 659 1789 No.
699 1735 781 1789 16.
816 1750 868 1805 p.
902 1735 1022 1790 280.
1057 1749 1173 1790 von
1207 1734 1264 1791 S.
1302 1736 1471 1791 Peter
1506 1753 1578 1794 zu
1614 1738 1944 1806 Karlsruhe,
1981 1739 2051 1791 14
2083 1737 2280 1793 Jahrh.
2315 1737 2415 1793 mit
2449 1737 2551 1792 der
2583 1734 2850 1798 melodie-

416 1856 488 1910 29
525 1855 680 1912 scelo
695 1896 709 1925 ,
745 1856 840 1912 Hs.
876 1857 989 1912 und
1024 1857 1083 1912 in
1117 1857 1221 1914 No.
1257 1859 1381 1927 245,
1421 1861 1489 1914 15
1526 1858 1680 1915 steht
1716 1857 1859 1928 celo,
1899 1858 2087 1914 beides
2123 1855 2562 1915 schreibfehler.

1049 2138 1226 2215 244.
1303 2137 1543 2237 Super
1594 2134 1857 2238 Agnus
1912 2136 2043 2211 dei.

324 2299 539 2380 Aquas
582 2299 707 2380 dei,
1598 2299 1883 2365 voluisse

230 2416 460 2485 causa
502 2436 748 2501 rerum,
1598 2402 1702 2465 cui
1747 2401 1981 2464 fecisse
2000 2446 2018 2480 ‚

230 2520 456 2585 lumen
498 2538 754 2600 verum,
1598 2503 2052 2585 magistrorum
2096 2500 2357 2584 optime,
2767 2498 2856 2565 10

235 2621 448 2687 dulcis
491 2630 682 2706 potus
697 2671 715 2706 ,

231 2716 492 2791 mundis
535 2731 757 2806 notus,
1684 2681 1897 2762 Aymss
1940 2682 2067 2760 dei,

230 2844 481 2892 sanans
525 2826 747 2891 febres
791 2825 1037 2891 animae.
1452 2825 1493 2887 5
1599 2797 1862 2863 FOVOUS
1906 2795 2065 2863 0111·st

1602 2901 1721 2966 sed
1765 2899 2000 2967 secura

334 2987 546 3068 Aymae
590 2989 713 3067 ‘lei’
1600 3021 1774 3084 unge
1819 3008 2068 3065 mentes

239 3104 451 3191 Gujus
497 3112 707 3172 tactus
1604 3111 1670 3168 te
1713 3109 2043 3186 petentes,

240 3211 420 3294 regit
466 3217 678 3291 actus,
1604 3206 1849 3272 fruetus
1894 3207 2037 3286 spei
2079 3203 2372 3268 maxime.
2767 3201 2855 3265 15

427 3360 523 3416 Hs.
561 3377 632 3416 zu
665 3361 955 3431 munchen,
993 3361 1131 3417 Cim.
1166 3360 1321 3414 5539.
1357 3355 1399 3414 f.
1435 3357 1553 3412 146.
1590 3359 1658 3411 15
1692 3357 1890 3413 Jahrb.
1933 3357 2035 3412 mit
2069 3357 2169 3412 der
2203 3354 2463 3412 Melodie.

423 3484 489 3537 V.
526 3484 574 3538 8.
611 3485 657 3538 9.
730 3483 788 3539 S.
825 3483 930 3538 No.
971 3485 1036 3536 11
1053 3522 1068 3551 ,
1104 3485 1154 3537 3.
1223 3481 1327 3538 Die
1377 3478 1663 3536 Allmacht
1713 3478 1815 3533 des
1867 3478 2121 3547 hammes
2173 3477 2320 3532 wird
2370 3473 2849 3547 hervorg'ehoben

249 3571 399 3626 nach
432 3569 667 3640 Apoeal.
702 3572 755 3638 5,
789 3570 949 3624 2-6,
1021 3568 1177 3624 Denn
1212 3567 1351 3624 Gott
1381 3566 1557 3623 wirkt
1591 3564 1768 3621 durch
1802 3565 1891 3619 die
1926 3564 2294 3622 Schwachen.
2343 3564 2374 3617 1
2412 3564 2543 3621 Gor.
2577 3565 2628 3633 1,
2662 3564 2751 3618 27.

1163 3850 1334 3927 245.
1383 3849 1622 3950 Super
1674 3846 1940 3921 eodem.

339 4037 552 4118 Affimss
596 4039 718 4115 dei,
1604 4036 1822 4102 Vitam
1866 4032 2118 4100 confert
2162 4044 2369 4110 agnus
2410 4027 2555 4111 ille,

254 4154 544 4223 Danielis
586 4152 935 4237 prophetia
1608 4139 1714 4204 oui
1758 4142 1994 4203 canunt
2037 4133 2220 4199 chori
2262 4131 2468 4248 mille,

257 4277 448 4341 quem
490 4256 826 4341 praedixit,
873 4256 1043 4321 hune
1078 4254 1293 4320 Maria
1609 4260 1836 4307 verum
1879 4256 2115 4322 eorpus
2159 4241 2407 4299 sumite·

258 4361 452 4444 virgo
497 4358 688 4424 deum
731 4359 954 4441 genuit
970 4405 988 4441 ‚

261 4497 414 4565 Jam
458 4495 823 4580 descendit,
861 4502 933 4560 ut
973 4503 1318 4580 mactetur,
1702 4454 1902 4520 DOM-
1955 4464 2157 4531 “Um-3
2200 4447 2314 4511 (13⁸⁶-

143 4621 147 4625 ’
264 4599 455 4682 P¹⁰b⁸
499 4597 709 4663 fidelis
744 4597 1170 4684 jocundetur,
1469 4599 1510 4661 5
1613 4594 1741 4675 Qua·
1783 4592 1859 4656 ae
1900 4586 2067 4654 omlis
2111 4583 2493 4667 descendisti,
2785 4582 2881 4648 ιο

265 4718 424 4767 ecce
469 4698 765 4768 Christus
812 4700 1099 4768 sumitur.
1615 4696 1969 4767 misericors
2003 4691 2279 4767 domine,
2849 4750 2854 4753 ,
