3159 5259
1396 498 1518 574 38.
1591 498 1710 570 De
1755 494 2019 569 eadem,

401 661 722 751 Speciosa
762 665 936 750 parit
979 666 1168 751 virgo
1204 670 1527 755 virginum
1756 669 1958 737 Porta
2003 667 2263 736 Christo
2307 668 2432 735 soli
2473 669 2719 754 patuit,

401 768 767 853 speciosum
808 788 952 855 prae
998 769 1146 835 filiis
1189 772 1540 859 hominum,
1759 775 1869 859 qni
1911 773 2242 841 nascendo
2293 774 2481 839 nobis
2523 772 2695 838 hanc
2737 772 3028 858 aperuit.

400 871 743 991 gaudium!
1256 980 1275 998 ,
1755 914 1910 981 Vox
1951 921 2226 1000 paterna
2286 932 2486 998 super
2528 911 2857 980 Christum
2898 932 3030 981 so-

398 973 617 1040 Mater
658 985 1035 1062 incorrupta
1076 988 1337 1064 genuit,
2441 1013 2617 1098 nuit,
2927 1020 3028 1086 ιθ

399 1078 561 1145 felix
603 1102 795 1168 vere,
840 1084 989 1167 quia
1033 1083 1159 1149 deo
1202 1084 1465 1171 placuit.
1612 1087 1654 1148 5
1756 1123 1824 1188 in
1870 1121 2168 1188 columba
2210 1122 2475 1207 spiritus
2519 1121 2839 1209 apparuit,

401 1266 699 1355 Hostem,
760 1291 882 1356 per
941 1291 1130 1356 quem
1171 1272 1415 1357 primus
1458 1271 1653 1339 homo
1758 1274 1972 1361 Culpa
2015 1293 2246 1343 carens
2303 1276 2531 1361 culpas
2587 1284 2848 1342 nostras
2892 1278 3027 1346 ab·

1093 1376 1366 1459 corruit,
2446 1381 2597 1464 luit,

400 1473 594 1561 hujus
649 1484 877 1562 partus
935 1489 1406 1546 sacramentum
1448 1481 1652 1547 latuit.
1757 1482 1930 1567 perit
1954 1482 2084 1567 ira,
2124 1502 2318 1567 quam
2354 1483 2458 1549 vir
2491 1483 2735 1569 primus
2761 1482 3027 1550 meruit.

573 1659 838 1717 Dieselbe
872 1660 969 1718 Hs.

572 1779 641 1837 V.
675 1782 725 1840 6.
758 1785 811 1837 7.
878 1781 1001 1837 Hoc
1036 1782 1235 1853 ipsum,
1272 1783 1421 1854 quod
1458 1783 1717 1840 Christus
1751 1784 1908 1840 nasci
1945 1784 2122 1857 elegit
2154 1801 2226 1840 ex
2259 1778 2498 1857 virgine,
2534 1800 2719 1840 nonne
2747 1789 3022 1858 apparet,

403 1868 694 1925 altissimas
752 1867 928 1926 fuisse
983 1871 1265 1926 rationis?
1335 1877 1399 1927 ut
1450 1871 1672 1928 scilicet
1721 1877 1911 1928 natam
1963 1874 2204 1929 humano
2241 1873 2440 1945 generi
2475 1873 2715 1928 salutem
2751 1872 3022 1930 diabolus

398 1957 723 2030 ignoraret,
775 1963 861 2027 et,
911 1958 1157 2029 spiritali
1203 1958 1416 2013 latente
1464 1963 1740 2031 conceptu
1760 2000 1774 2029 ,
1838 1976 1999 2030 quem
2034 1976 2148 2015 non
2185 1959 2356 2015 alium
2389 1960 2612 2015 videret
2647 1975 2813 2031 quam
2848 1960 3023 2032 alios,

399 2059 514 2099 non
550 2044 721 2100 aliter
757 2046 1016 2101 crederet
1048 2051 1240 2102 natum
1275 2061 1403 2100 esse
1439 2062 1605 2116 quam
1631 2050 1870 2102 ceteros.
1926 2048 2088 2120 cujus
2124 2048 2270 2102 enim
2305 2047 2541 2103 similem
2577 2064 2696 2103 cum
2735 2049 3021 2107 universis

402 2130 659 2186 advertit
692 2137 949 2187 naturam
963 2173 977 2202 ,
1027 2148 1220 2203 parem
1256 2134 1467 2190 habere
1502 2135 1813 2191 arbitratus
1849 2140 1939 2191 est
1974 2152 2096 2190 cum
2131 2136 2387 2192 omnibus
2423 2152 2649 2191 causam
2662 2177 2677 2207 ‚
2710 2152 2817 2192 nec
2850 2138 3025 2194 intel-

397 2219 539 2275 lexit
584 2235 623 2274 a
667 2220 1141 2293 transgressionis
1189 2221 1426 2278 vinculis
1474 2222 1713 2277 liberum
1731 2263 1747 2293 ,
1801 2239 1963 2294 quem
2008 2222 2082 2277 ab
2128 2219 2452 2279 infirmitate
2497 2224 2862 2280 mortalitatis
2898 2242 3021 2284 non

397 2306 616 2363 invenit
649 2307 904 2364 alienum.
967 2325 1143 2363 verax
1178 2325 1413 2381 namque
1449 2311 1841 2367 misericordia
1877 2310 1993 2380 dei,
2042 2326 2166 2366 cum
2203 2311 2276 2365 ad
2309 2311 2681 2382 reparandum
2716 2314 3020 2369 humanum

401 2410 581 2468 genus
619 2395 984 2454 ineffabiliter
1021 2398 1075 2452 ei
1108 2398 1285 2454 multa
1319 2403 1701 2470 suppeterent,
1737 2399 1881 2453 hanc
1909 2399 2258 2470 potissimum
2286 2399 2616 2455 consulendi
2641 2398 2791 2454 viam
2817 2400 3017 2472 elegit,

400 2499 515 2555 qua
568 2485 645 2539 ad
696 2485 1092 2540 destruendum
1145 2501 1288 2556 opus
1326 2485 1542 2541 diaboli
1587 2502 1700 2541 non
1736 2486 1951 2542 virtute
1986 2491 2241 2540 uteretur
2275 2488 2548 2557 potentiae
2567 2527 2582 2557 ,
2647 2488 2749 2543 sed
2786 2487 3018 2544 rationo

391 2570 652 2643 justitiae.
704 2587 833 2627 nam
880 2570 1145 2642 superbia
1188 2572 1371 2627 hostis
1421 2571 1636 2644 antiqui
1682 2589 1794 2628 non
1841 2572 2118 2629 immerito
2156 2573 2265 2628 sibi
2297 2574 2358 2627 in
2394 2590 2586 2629 omnes
2621 2574 2881 2630 homines
2910 2575 3016 2647 jus

398 2659 753 2731 tyrannicum
799 2658 1147 2730 vindicabat,
1211 2676 1313 2714 nec
1359 2659 1607 2714 indebito
1657 2659 1940 2715 dominatu
1987 2660 2305 2731 premebat,
2371 2677 2510 2732 quos
2548 2678 2584 2717 a
2618 2662 2882 2718 mandato
2922 2661 3022 2717 dei

402 2751 750 2817 spontaneos
802 2748 862 2802 in
909 2747 1236 2818 obsequium
1290 2764 1407 2802 suae
1454 2747 1767 2802 voluntatis
1813 2746 2091 2802 illexerat.
2155 2763 2268 2803 non
2316 2748 2503 2820 itaque
2531 2751 2691 2822 juste
2727 2748 3019 2805 amitteret

401 2832 737 2905 originalem
773 2835 995 2889 humani
1030 2835 1255 2907 generis
1292 2834 1623 2891 servitutem
1640 2876 1655 2906 ,
1712 2835 1822 2891 nisi
1860 2835 1927 2889 de
1965 2852 2034 2902 eo
2055 2875 2070 2905 ,
2119 2835 2271 2907 quod
2305 2835 2636 2909 subegerat,
2672 2837 3012 2893 vinceretur.

403 2921 562 2981 Leon.
597 2938 664 2978 m.
699 2939 862 2979 serm.
897 2925 983 2993 22,
1021 2924 1070 2978 3.

1396 3206 1516 3282 39.
1595 3206 1712 3278 De
1765 3203 2028 3278 eadem.

402 3373 707 3442 Continet
773 3376 946 3442 hunc
1013 3376 1297 3459 genitrix
1361 3377 1430 3443 in
1499 3379 1655 3461 gre-
1760 3378 1920 3456 Quae
1946 3395 2282 3461 magorum
2308 3378 2622 3441 intimavit
2650 3377 2884 3462 animo,

1122 3480 1282 3562 mio,
1460 3531 1465 3537 ,
1756 3488 1829 3545 ut
1854 3481 2187 3564 probetur,
2217 3478 2375 3544 dens
2404 3487 2579 3543 esset
2606 3499 2689 3542 an
2718 3479 2938 3564 homo,

400 3582 617 3649 omnia
661 3583 771 3665 qui
814 3580 1101 3646 condidit
1143 3602 1228 3646 ex
1271 3581 1504 3666 nihilo,
1760 3584 1932 3666 auri,
1980 3581 2186 3647 thuris
2231 3589 2421 3665 atque
2450 3581 2734 3665 myrrhae
2764 3584 3017 3668 preti03

398 3694 671 3769 terram,
717 3705 927 3768 mare,
975 3683 1194 3750 sidera
1237 3705 1382 3752 cum
1422 3686 1656 3750 infero.
1844 3706 1993 3751 nam
2037 3694 2183 3752 sunt
2223 3686 2535 3770 mysterio

485 3786 638 3856 Ave
682 3797 889 3855 mater
931 3788 1153 3853 inclito
1312 3819 1328 3836 ·
1844 3797 2026 3860 tanto
2070 3790 2218 3873 regi
2260 3807 2572 3873 congruo.
2933 3791 3015 3855 15

487 3892 688 3977 dlgna
728 3910 1098 3978 puerpeno'
1613 3893 1654 3955 5
1757 3954 1920 4020 Nam
1948 3953 2015 4019 in
2043 3970 2202 4019 auro
2236 3954 2416 4038 regis
2444 3961 2546 4018 est
2573 3953 2865 4019 ostensio

400 4055 607 4144 Cujus
650 4066 860 4123 ortum
904 4058 1208 4122 rutilante
1250 4056 1438 4121 radio
1760 4066 1830 4124 et
1870 4060 1937 4123 in
1981 4059 2173 4125 thure
2215 4057 2435 4123 divina
2480 4058 2775 4124 condicio

401 4163 593 4228 stella
634 4164 879 4228 micans
922 4162 1252 4227 nunciavit
1294 4161 1568 4245 saecnlo,
1759 4170 1828 4227 et
1868 4163 1936 4228 in
1979 4162 2247 4247 myrrha
2282 4163 2583 4248 sepulcra
2625 4162 2737 4227 vel
2761 4162 3022 4247 uncti03

401 4283 729 4348 nunquam
771 4268 917 4331 visa
961 4273 1256 4349 tempore
1299 4264 1655 4349 praeterito,
1842 4265 2015 4330 unde
2060 4283 2184 4350 pro
2227 4265 2508 4349 tripudio

489 4372 729 4438 ceteris
782 4371 1167 4456 praeclarior
1845 4376 2041 4460 atque
2085 4367 2294 4433 laudis
2328 4367 2541 4455 jubilo
2933 4370 3021 4435 20

489 4481 638 4540 orta
691 4482 847 4539 nato
892 4474 1170 4541 domino.
1571 4471 1654 4536 10
1755 4470 2101 4536 benedicat
2129 4487 2359 4536 servus
2384 4473 2551 4540 liber
2578 4471 2861 4538 domino.

578 4608 845 4668 Dieselbe
878 4609 974 4666 Hs.

576 4717 613 4773 6
656 4721 803 4790 ortu,
842 4716 937 4774 Hs.
1010 4716 1077 4773 11
1113 4713 1477 4790 probaretur,
1512 4710 1611 4771 Hs.
1682 4712 1765 4768 14.
1802 4712 1869 4768 15
1908 4711 2129 4769 besser:
2165 4711 2290 4769 haec
2325 4709 2598 4787 mysteria
2634 4741 2701 4756 -
2740 4726 3022 4785 congrua»
