3159 5259
1028 758 1203 830 270.
1265 756 1633 857 Hymnum
1684 754 1940 828 luricae.

172 1000 581 1082 Subfragare
625 1000 930 1065 trinitatis
971 1001 1216 1083 unitas,

168 1104 432 1172 unitatis
473 1102 785 1168 miserere
831 1102 1082 1169 trinitas
1095 1151 1115 1186 ,

169 1206 556 1289 subfragare
605 1207 790 1288 mihi,
838 1223 1094 1289 quaeso,
1138 1205 1354 1290 posito

168 1309 365 1375 maris
408 1309 632 1391 magni
673 1307 853 1374 velut
893 1309 960 1372 in
1005 1308 1321 1393 periculo.

167 1496 261 1569 Ut
313 1516 444 1564 non
500 1513 720 1563 secum
776 1495 993 1561 trahat
1035 1515 1140 1563 me
1181 1503 1426 1563 morta-

863 1600 1015 1665 litas
1383 1602 1424 1663 5

167 1704 363 1789 hujus
410 1704 563 1769 anni
605 1723 817 1787 neque
861 1701 1080 1770 mundi
1123 1701 1398 1786 vanitas,

165 1814 241 1873 et
283 1806 412 1871 hoc
453 1803 626 1870 idem
668 1810 828 1889 poto
875 1824 917 1871 a
959 1802 1338 1869 sublimibus

169 1909 455 1975 caelestis
500 1908 744 1974 militiae
787 1907 1163 1988 virtutibus;

166 2090 1425 2175 Nemelinquantlacerandumhostibus‚

167 2195 291 2261 sed
310 2193 663 2260 defendant
680 2196 806 2261 iam
825 2195 1020 2259 armis
1032 2192 1325 2276 fortibus,
1340 2195 1370 2255 1
1382 2195 1422 2256 0

171 2307 240 2365 et
282 2319 385 2363 me
429 2299 523 2363 illi
566 2297 950 2384 praecedant
992 2299 1058 2362 in
1105 2297 1248 2362 acie

169 2403 452 2473 caelestis
497 2405 821 2469 exercitus
864 2403 1107 2468 militiae

169 2588 473 2657 Gerubim
505 2600 571 2656 et
600 2591 928 2678 seraphim
957 2612 1101 2659 cum
1120 2592 1417 2677 millibus,

173 2691 487 2758 Gabrihel
533 2700 600 2756 et
634 2691 966 2760 Michahel
1010 2694 1374 2781 similibus3⁸

149 2803 330 2880 'opto
387 2795 690 2879 thronos,
760 2796 1033 2860 virtutes
1051 2843 1068 2878 ‚
1143 2795 1420 2860 archan-

870 2900 1057 2981 gelos
1074 2946 1091 2981 ,
1339 2899 1418 2961 15

169 3000 607 3085 principatus,
654 3008 1043 3084 potestates,
1089 3001 1378 3085 angelos,

169 3185 261 3255 Ut
304 3206 406 3251 me
454 3186 656 3251 denso
706 3185 1132 3251 defendentes
1168 3188 1423 3269 agmine

170 3290 462 3355 inimicos
513 3292 767 3355 valeam
810 3298 1246 3376 prosternere.

169 3400 304 3457 tum
354 3391 587 3457 deinde
634 3400 910 3458 caeteros
956 3393 1387 3476 agonithetae,

169 3497 580 3581 patriarchas
631 3504 938 3580 quatuor,
994 3504 1222 3578 quater
1264 3516 1422 3583 pro-

865 3600 1127 3686 phetas,
1338 3602 1423 3666 20

167 3784 531 3873 Apostolos
575 3791 760 3855 navis
807 3788 1048 3855 Christi
1095 3798 1397 3875 proretas

168 3899 237 3957 et
280 3902 601 3979 martyres
655 3912 876 3959 omnes
919 3903 1074 3978 peto
1122 3894 1422 3977 athletas,

169 4000 242 4058 ut
284 4015 387 4060 me
432 4017 552 4079 per
599 4015 714 4062 eos
759 3999 935 4062 salus
979 3998 1195 4081 sepiat

168 4104 364 4178 atque
430 4114 617 4162 omne
661 4101 897 4165 malum
942 4120 983 4163 a
1024 4119 1128 4163 me
1171 4106 1419 4182 pereat.

168 4285 470 4354 Christus
526 4307 776 4354 mecum
839 4297 1100 4374 pactum
1172 4287 1422 4353 firmum

860 4393 1088 4476 feriat,
1336 4395 1421 4456 25

168 4491 390 4576 timor,
422 4501 663 4559 tremor
690 4502 894 4561 tetras
922 4499 1146 4562 turbas
1175 4504 1423 4563 terreat

165 4593 351 4680 deus,
397 4599 852 4682 inpenetrabili
893 4601 1098 4667 tutela

168 4697 451 4783 undiqte
494 4721 600 4767 me
644 4701 924 4769 defende
966 4704 1280 4788 potentia.

1529 1001 1668 1067 Mei
1711 1000 1932 1084 gibbae
1975 1017 2217 1085 pernas
2262 1014 2484 1064 omnes
2528 998 2761 1085 libera,

1530 1101 1672 1171 tuta
1713 1102 1896 1188 pelta
1937 1110 2327 1188 protegente
2371 1102 2647 1186 singula,
2699 1106 2795 1173 30

1529 1213 1604 1271 ut
1651 1223 1782 1271 non
1825 1204 1979 1269 tetri
2023 1204 2352 1269 daemones
2396 1204 2462 1268 in
2506 1205 2719 1272 latera

1529 1327 1678 1374 mea
1719 1308 1977 1392 librent,
2022 1314 2094 1374 ut
2137 1308 2377 1389 solent,
2421 1307 2652 1374 iacula.

1531 1523 1835 1607 Gigram,
1908 1521 2231 1606 cepphale
2294 1539 2439 1587 cum
2496 1521 2654 1588 iaris
2714 1529 2789 1589 et

2225 1638 2454 1704 conas,

2278 1741 2517 1787 senuas
2590 1729 2791 1806 atque

2224 1823 2449 1889 michi:
2503 1843 2653 1907 nas,

1529 1925 1904 2010 chaladum,
1950 1926 2352 2008 charassum,
2401 1925 2785 2010 madianum,

2218 2028 2442 2111 talias,
2699 2029 2785 2094 35

1900 2132 2203 2214 exugiam
2301 2139 2495 2214 atque
2597 2133 2789 2199 binas

2221 2233 2507 2300 edumas.

1528 1733 1782 1808 petam,
1870 1723 2188 1805 liganam,

1530 2136 1750 2200 batma
1774 2181 1791 2216 ‚

1524 2451 1681 2516 Meo
1727 2466 1890 2532 ergo
1938 2467 2081 2513 cum
2125 2446 2377 2530 capillis
2434 2453 2502 2510 et
2544 2444 2781 2510 vertici

1525 2555 1723 2638 galea
1766 2552 1993 2619 salutis
2036 2559 2179 2615 esto
2223 2549 2450 2633 capiti,

1525 2655 1756 2737 fronti,
1805 2653 2008 2719 oculis
2055 2659 2122 2717 et
2167 2653 2442 2716 cerebro
2486 2651 2789 2734 triformi,

1526 2766 1777 2839 rostro,
1823 2757 2030 2839 labio,
2075 2755 2293 2837 faciei,
2340 2756 2642 2838 tympori.
2698 2754 2784 2819 40

1527 2935 1771 3017 Mento,
1799 2937 2045 3017 barbae,
2088 2933 2470 3018 superciliis,
2501 2933 2783 3018 auribus,

1529 3039 1738 3122 genis,
1783 3039 2024 3119 buccis,
2070 3039 2421 3117 internam,
2458 3038 2742 3119 naribus,

1527 3142 1794 3227 pupillis
1811 3190 1828 3225 ,
1890 3143 2050 3207 rotis
2064 3188 2081 3223 ‚
2140 3139 2475 3224 palpebris
2494 3187 2511 3220 ‚
2570 3147 2787 3204 tauto·

2226 3243 2441 3325 nibus,

1529 3347 1779 3431 gingis,
1842 3345 2126 3428 anhelae‚
2188 3343 2467 3408 maxillis
2528 3351 2596 3407 et
2639 3344 2783 3409 fau-

2224 3445 2426 3511 cibus.

1528 3662 1877 3744 Dentibus,
1924 3660 2192 3744 linguae,
2239 3660 2367 3739 ori,
2414 3678 2590 3742 uvae,
2630 3667 2783 3742 gut-

2222 3763 2379 3843 turi,
2696 3761 2782 3824 45

1529 3867 1899 3953 gurgulioni
1948 3873 2013 3931 et
2058 3867 2453 3948 sublinguae,
2503 3863 2782 3945 cervici,

1527 3973 1794 4057 capitali
1839 3980 2096 4052 centro,
2147 3966 2512 4050 cartilagini

1527 4075 1701 4139 collo
1746 4073 2030 4140 clemens
2077 4069 2306 4136 adesto
2352 4069 2658 4133 tutamini.

1526 4288 1776 4355 Deinde
1822 4297 1964 4353 esto
2007 4288 2214 4352 lorica
2262 4286 2579 4350 tutissima

1528 4412 1693 4474 erga
1708 4393 2013 4472 membra,
2034 4409 2199 4471 erga
2214 4408 2360 4454 mea
2381 4388 2658 4470 viscera,
2700 4387 2784 4452 50

1526 4505 1600 4563 ut
1643 4494 1943 4561 retrudas
1988 4515 2030 4560 a
2074 4514 2178 4558 me
2224 4491 2580 4559 invisibiles

1527 4598 1757 4667 sudum
1813 4599 2039 4666 clavos
2052 4645 2072 4682 ‚
2142 4615 2308 4682 quos
2371 4595 2581 4681 figunt
2639 4593 2793 4663 odi-

2227 4702 2412 4770 biles.
