3159 5259
2679 342 2814 423 131-

976 678 1142 752 101.
1215 678 1303 751 In
1354 680 1684 779 passione
1739 676 2022 754 domini.

458 976 636 1040 nulla
678 974 845 1038 silva
886 973 1081 1037 talem
1124 973 1377 1057 profert
1419 971 1683 1057 fronde,
1733 972 1926 1058 flore,
1973 975 2297 1059 germine,

360 804 680 950 “Eorux
723 864 959 948 fidelis,
1007 867 1176 931 inter
1220 883 1444 931 omnes
1489 869 1689 933 arbor
1730 888 1861 933 una
1901 869 2169 953 nebim,
2409 822 2514 1001 -ἿΙ

332 870 650 1167 kdulce
694 1078 940 1161 lignum
983 1075 1207 1140 dulces
1253 1076 1478 1140 clavos
1523 1076 1711 1141 dulce
1754 1077 2008 1162 pondus
2053 1076 2384 1163 sustinet.)
2495 1008 2510 1179 Ξ

2350 1218 2503 1241 -n--l

456 1237 685 1322 Pange
728 1239 951 1322 lingua
994 1237 1266 1321 gloriosi
1308 1238 1605 1323 praelium
1648 1240 2013 1306 certaminis

460 1350 529 1408 et
572 1363 768 1427 super
814 1343 1022 1407 crucis
1066 1341 1367 1423 trophaeo
1413 1341 1517 1407 dic
1560 1342 1947 1427 triumphum
1989 1345 2271 1411 nobilem
2758 1353 2801 1414 5

460 1449 738 1533 qualiter
780 1446 1152 1531 redemptor
1195 1447 1371 1513 orbis
1415 1447 1776 1513 immolatus
1818 1447 2066 1515 vicerit.

451 1566 675 1652 (Crux
716 1566 928 1633 fidelis
972 1572 1080 1634 etc.
1121 1585 1316 1652 usque
1357 1564 1561 1634 Dulce
1603 1562 1801 1652 lign.)

454 1732 554 1801 De
597 1733 887 1819 parentis
928 1731 1317 1818 protoplasti
1361 1731 1593 1797 fraude
1636 1731 1812 1797 facta
1857 1730 2258 1816 condolen3‚'

460 1836 718 1920 quando
760 1838 937 1920 pomi
977 1837 1256 1903 noxialis
1299 1855 1517 1901 morsu
1561 1844 1769 1901 morte
1816 1835 2090 1920 corruit,

450 1941 596 2025 ipse
639 1941 881 2024 lignum
924 1950 1076 2007 tunc
1117 1944 1401 2025 notavit,
1447 1941 1681 2006 damna
1723 1941 1887 2025 ligni
1929 1947 1998 2006 ut
2041 1942 2346 2007 solveret.

450 2057 699 2141 (Dulce
743 2061 984 2143 lignum
1030 2058 1179 2145 etc.)

461 2220 605 2287 Hoc
649 2238 812 2306 opus
854 2228 1098 2285 nostrae
1143 2221 1369 2286 salutis
1415 2221 1577 2286 ordo
1625 2220 2101 2306 depoposcerat
2117 2268 2135 2305 ,
2720 2225 2806 2290 10

459 2325 861 2390 multiformis
904 2325 1253 2409 perditoris
1297 2344 1406 2391 ars
1448 2334 1521 2390 ut
1564 2334 1770 2391 artem
1815 2327 2072 2391 falleret

456 2436 528 2493 et
567 2427 884 2493 medelam
929 2429 1133 2494 ferret
1172 2430 1358 2514 inde,
1401 2431 1609 2495 hostis
1653 2430 1824 2497 unde
1867 2430 2132 2495 laeserat

458 2548 677 2631 (Crux
719 2546 931 2613 fidelis
975 2546 1127 2631 etc.)

458 2711 728 2791 Quando
773 2715 951 2777 venit
989 2731 1152 2797 ergo
1196 2715 1369 2779 sacri
1411 2713 1746 2798 plenitudo
1791 2715 2134 2800 temporie,

457 2818 687 2881 missus
733 2826 833 2881 est
878 2820 961 2883 ab
1011 2836 1163 2882 arce
1208 2819 1413 2902 patris
1458 2825 1648 2882 natus
1691 2818 1869 2884 orbis
1915 2817 2212 2883 conditor

456 2930 648 3004 atque
692 2929 921 2985 ventre
966 2922 1271 3005 virginali
1316 2941 1511 2987 carne
1554 2923 1766 2988 factus
1809 2920 2066 3005 prodiit.
2716 2923 2802 2985 15

457 3041 702 3124 (Dulce
744 3043 990 3125 lignum
1033 3041 1185 3126 etc.)

458 3200 660 3286 Vagit
701 3203 910 3267 infans
924 3253 941 3288 ,
987 3172 1155 3268 inter
1200 3212 1383 3270 areta
1425 3207 1686 3290 ponitur
1728 3205 2085 3291 praesepia,

453 3308 741 3371 membra
782 3309 1013 3392 pannis
1057 3310 1347 3376 involuta
1389 3312 1580 3393 virgo
1628 3319 1834 3375 mater
1873 3310 2105 3392 ¹alligat

459 3420 526 3475 et
567 3411 772 3496 pedes
816 3431 1165 3496 manusque
1211 3432 1403 3479 crura
1446 3416 1672 3479 stricta
1718 3414 1916 3497 cingit
1963 3413 2183 3478 fascia.

460 3526 678 3612 (Crux
722 3530 932 3597 fidelis
978 3530 1131 3615 etc.)

454 3695 695 3763 Lustra
739 3719 858 3765 sex
904 3701 1013 3784 qui
1048 3700 1188 3786 jam
1232 3708 1503 3785 peracta
1546 3707 1799 3784 tempus
1846 3699 2118 3783 implens
2164 3703 2497 3788 corporiS,

457 3819 529 3865 se
572 3803 834 3868 volente
880 3814 1067 3870 natus
1114 3804 1199 3868 ad
1242 3804 1396 3887 hoc,
1443 3805 1730 3887 passioni
1768 3798 2020 3867 deditus
2715 3808 2804 3872 20

461 3925 671 3989 agnus
713 3909 779 3971 in
826 3909 1034 3973 crucis
1078 3908 1336 3972 levatur
1378 3907 1803 3972 immolandus
1847 3906 2081 3990 stipite.

460 4024 703 4107 (Dulce
746 4029 900 4113 lign.
948 4026 1100 4110 etc.)

455 4187 581 4255 Hic
625 4199 904 4273 acetem‚
948 4191 1070 4274 fel,
1121 4189 1398 4273 arundo,
1447 4196 1666 4273 sputa,
1714 4189 1912 4271 clavi,
1959 4188 2225 4271 lancea,

458 4294 611 4357 mite
657 4314 894 4379 corpus
939 4296 1339 4379 perforatur,
1400 4295 1662 4376 sanguis
1705 4294 1874 4357 unde
1919 4293 2210 4376 profluit,

461 4404 675 4482 terra,
718 4408 984 4483 pontuS,
1032 4408 1238 4483 astra,
1282 4399 1554 4463 mundus
1600 4415 1727 4481 quo
1772 4398 2069 4461 lavantur
2104 4395 2380 4464 flumine.

464 4561 644 4631 Crux
686 4567 918 4654 fidene,
962 4571 1128 4634 inter
1173 4588 1394 4635 onmes
1439 4571 1637 4635 arbor
1679 4587 1808 4633 una
1849 4564 2112 4646 nebim,
2715 4565 2804 4629 25

461 4670 641 4735 nulla
684 4672 876 4737 talem
921 4675 1088 4739 silva
1130 4675 1383 4757 profert
1425 4672 1685 4754 fronde,
1730 4669 1924 4753 flore,
1969 4668 2322 4752 germine,x

464 4771 658 4841 dulce
698 4776 945 4861 lignum
989 4776 1213 4845 dulces
1258 4779 1481 4846 clavos
1527 4776 1716 4844 dulce
1757 4773 2016 4867 pondus
2057 4775 2402 4942 sustinegaz.
