<?xml version="1.0" encoding="UTF-8"?>
<!DOCTYPE html PUBLIC "-//W3C//DTD XHTML 1.0 Transitional//EN"
    "http://www.w3.org/TR/xhtml1/DTD/xhtml1-transitional.dtd">
<html xmlns="http://www.w3.org/1999/xhtml" xml:lang="en" lang="en">
 <head>
  <title>
</title>
<meta http-equiv="Content-Type" content="text/html;charset=utf-8" />
  <meta name='ocr-system' content='tesseract 3.04.00' />
  <meta name='ocr-capabilities' content='ocr_page ocr_carea ocr_par ocr_line ocrx_word'/>
</head>
<body>
  <div class='ocr_page' id='page_1' title='image "./lateinischehymn00unkngoog_0337.png"; bbox 0 0 3159 5259; ppageno 0'>
   <div class='ocr_carea' id='block_1_1' title="bbox 118 485 1076 771">
    <p class='ocr_par' dir='ltr' id='par_1_1' title="bbox 118 485 1076 771">
     <span class='ocr_line' id='line_1_1' title="bbox 118 485 802 571; baseline 0.003 -20"><span class='ocrx_word' id='word_1_1' title='bbox 118 485 289 566; x_wconf 76' lang='lat' dir='ltr'><strong>Quae</strong></span> <span class='ocrx_word' id='word_1_2' title='bbox 332 504 463 552; x_wconf 87' lang='lat' dir='ltr'><strong>non</strong></span> <span class='ocrx_word' id='word_1_3' title='bbox 506 494 802 571; x_wconf 81' lang='lat' dir='ltr'><strong>movent,</strong></span> 
     </span>
     <span class='ocr_line' id='line_1_2' title="bbox 118 587 590 653; baseline -0.002 0"><span class='ocrx_word' id='word_1_4' title='bbox 118 588 318 653; x_wconf 87' lang='lat' dir='ltr'><strong>immo</strong></span> <span class='ocrx_word' id='word_1_5' title='bbox 362 587 590 653; x_wconf 84' lang='lat' dir='ltr'><strong>fovent</strong></span> 
     </span>
     <span class='ocr_line' id='line_1_3' title="bbox 209 686 1076 771; baseline 0.002 -18"><span class='ocrx_word' id='word_1_6' title='bbox 209 696 480 769; x_wconf 76' lang='lat' dir='ltr'><strong>ventus,</strong></span> <span class='ocrx_word' id='word_1_7' title='bbox 524 686 792 770; x_wconf 83' lang='lat' dir='ltr'><strong>flumen,</strong></span> <span class='ocrx_word' id='word_1_8' title='bbox 837 686 1076 771; x_wconf 86' lang='lat' dir='ltr'><strong>pluvia.</strong></span> 
     </span>
    </p>
   </div>
   <div class='ocr_carea' id='block_1_2' title="bbox 114 852 919 1347">
    <p class='ocr_par' dir='ltr' id='par_1_2' title="bbox 116 852 617 1039">
     <span class='ocr_line' id='line_1_4' title="bbox 117 852 617 933; baseline -0.004 -13"><span class='ocrx_word' id='word_1_9' title='bbox 117 852 330 931; x_wconf 80' lang='lat' dir='ltr'><strong>Quam</strong></span> <span class='ocrx_word' id='word_1_10' title='bbox 371 854 617 933; x_wconf 75' lang='lat' dir='ltr'><strong>decora</strong></span> 
     </span>
     <span class='ocr_line' id='line_1_5' title="bbox 116 955 570 1039; baseline -0.004 -18"><span class='ocrx_word' id='word_1_11' title='bbox 116 955 570 1039; x_wconf 85' lang='lat' dir='ltr'><strong>fundamenta,</strong></span> 
     </span>
    </p>

    <p class='ocr_par' dir='ltr' id='par_1_3' title="bbox 114 1060 604 1227">
     <span class='ocr_line' id='line_1_6' title="bbox 114 1060 604 1142; baseline 0.002 -21"><span class='ocrx_word' id='word_1_12' title='bbox 114 1078 246 1142; x_wconf 85' lang='lat' dir='ltr'><strong>per</strong></span> <span class='ocrx_word' id='word_1_13' title='bbox 290 1060 604 1125; x_wconf 77' lang='lat' dir='ltr'><strong>concinna</strong></span> 
     </span>
     <span class='ocr_line' id='line_1_7' title="bbox 116 1170 533 1227; baseline 0.002 -1"><span class='ocrx_word' id='word_1_14' title='bbox 116 1170 533 1227; x_wconf 84' lang='lat' dir='ltr'><strong>sacramenta</strong></span> 
     </span>
    </p>

    <p class='ocr_par' dir='ltr' id='par_1_4' title="bbox 114 1262 919 1347">
     <span class='ocr_line' id='line_1_8' title="bbox 114 1262 919 1347; baseline -0.009 -17"><span class='ocrx_word' id='word_1_15' title='bbox 114 1268 367 1330; x_wconf 81' lang='lat' dir='ltr'><strong>umbrae</strong></span> <span class='ocrx_word' id='word_1_16' title='bbox 411 1262 919 1347; x_wconf 75' lang='lat' dir='ltr'><strong>praecurrentia!</strong></span> 
     </span>
    </p>
   </div>
   <div class='ocr_carea' id='block_1_3' title="bbox 112 1438 1005 1728">
    <p class='ocr_par' dir='ltr' id='par_1_5' title="bbox 112 1438 1005 1728">
     <span class='ocr_line' id='line_1_9' title="bbox 112 1438 967 1509; baseline -0.008 -1"><span class='ocrx_word' id='word_1_17' title='bbox 112 1439 327 1509; x_wconf 85' lang='lat' dir='ltr'><strong>Latus</strong></span> <span class='ocrx_word' id='word_1_18' title='bbox 370 1438 545 1504; x_wconf 81' lang='lat' dir='ltr'><strong>Adae</strong></span> <span class='ocrx_word' id='word_1_19' title='bbox 592 1439 967 1504; x_wconf 86' lang='lat' dir='ltr'><strong>dormientis</strong></span> 
     </span>
     <span class='ocr_line' id='line_1_10' title="bbox 112 1540 1005 1610; baseline -0.002 -2"><span class='ocrx_word' id='word_1_20' title='bbox 112 1542 331 1610; x_wconf 82' lang='lat' dir='ltr'><strong>Evam</strong></span> <span class='ocrx_word' id='word_1_21' title='bbox 375 1541 537 1607; x_wconf 82' lang='lat' dir='ltr'><strong>fudit</strong></span> <span class='ocrx_word' id='word_1_22' title='bbox 579 1542 647 1606; x_wconf 92' lang='lat' dir='ltr'><strong>in</strong></span> <span class='ocrx_word' id='word_1_23' title='bbox 690 1540 1005 1606; x_wconf 78' lang='lat' dir='ltr'><strong>manentis</strong></span> 
     </span>
     <span class='ocr_line' id='line_1_11' title="bbox 209 1642 881 1728; baseline -0.003 -18"><span class='ocrx_word' id='word_1_24' title='bbox 209 1642 465 1727; x_wconf 82' lang='lat' dir='ltr'><strong>oopulae</strong></span> <span class='ocrx_word' id='word_1_25' title='bbox 507 1643 881 1728; x_wconf 79' lang='lat' dir='ltr'><strong>primordia.</strong></span> 
     </span>
    </p>
   </div>
   <div class='ocr_carea' id='block_1_4' title="bbox 111 1802 950 2094">
    <p class='ocr_par' dir='ltr' id='par_1_6' title="bbox 111 1802 950 2094">
     <span class='ocr_line' id='line_1_12' title="bbox 112 1802 897 1888; baseline -0.004 -15"><span class='ocrx_word' id='word_1_26' title='bbox 112 1803 305 1873; x_wconf 78' lang='lat' dir='ltr'><strong>Arca</strong></span> <span class='ocrx_word' id='word_1_27' title='bbox 348 1806 529 1888; x_wconf 81' lang='lat' dir='ltr'><strong>ligno</strong></span> <span class='ocrx_word' id='word_1_28' title='bbox 574 1802 897 1872; x_wconf 79' lang='lat' dir='ltr'><strong>fabricata</strong></span> 
     </span>
     <span class='ocr_line' id='line_1_13' title="bbox 111 1906 939 1991; baseline 0 -18"><span class='ocrx_word' id='word_1_29' title='bbox 111 1907 262 1973; x_wconf 67' lang='lat' dir='ltr'><strong>Noe</strong></span> <span class='ocrx_word' id='word_1_30' title='bbox 307 1906 531 1974; x_wconf 81' lang='lat' dir='ltr'><strong>serva&#39;t</strong></span> <span class='ocrx_word' id='word_1_31' title='bbox 574 1911 939 1991; x_wconf 80' lang='lat' dir='ltr'><strong>gubernata</strong></span> 
     </span>
     <span class='ocr_line' id='line_1_14' title="bbox 203 2009 950 2094; baseline 0 -21"><span class='ocrx_word' id='word_1_32' title='bbox 203 2009 423 2075; x_wconf 87' lang='lat' dir='ltr'><strong>mundi</strong></span> <span class='ocrx_word' id='word_1_33' title='bbox 458 2029 581 2094; x_wconf 90' lang='lat' dir='ltr'><strong>per</strong></span> <span class='ocrx_word' id='word_1_34' title='bbox 624 2009 950 2074; x_wconf 85' lang='lat' dir='ltr'><strong>diluvium.</strong></span> 
     </span>
    </p>
   </div>
   <div class='ocr_carea' id='block_1_5' title="bbox 110 2171 1158 2463">
    <p class='ocr_par' dir='ltr' id='par_1_7' title="bbox 110 2171 1158 2463">
     <span class='ocr_line' id='line_1_15' title="bbox 110 2171 1017 2239; baseline -0.001 0"><span class='ocrx_word' id='word_1_35' title='bbox 110 2173 313 2239; x_wconf 87' lang='lat' dir='ltr'><strong>Prole</strong></span> <span class='ocrx_word' id='word_1_36' title='bbox 358 2171 510 2238; x_wconf 68' lang='lat' dir='ltr'><strong>sera</strong></span> <span class='ocrx_word' id='word_1_37' title='bbox 553 2172 815 2237; x_wconf 85' lang='lat' dir='ltr'><strong>tandem</strong></span> <span class='ocrx_word' id='word_1_38' title='bbox 856 2172 1017 2238; x_wconf 84' lang='lat' dir='ltr'><strong>foeta</strong></span> 
     </span>
     <span class='ocr_line' id='line_1_16' title="bbox 114 2273 911 2343; baseline -0.003 0"><span class='ocrx_word' id='word_1_39' title='bbox 114 2295 281 2343; x_wconf 86' lang='lat' dir='ltr'><strong>anus</strong></span> <span class='ocrx_word' id='word_1_40' title='bbox 325 2273 498 2340; x_wconf 84' lang='lat' dir='ltr'><strong>Sara</strong></span> <span class='ocrx_word' id='word_1_41' title='bbox 541 2276 712 2341; x_wconf 84' lang='lat' dir='ltr'><strong>ridet</strong></span> <span class='ocrx_word' id='word_1_42' title='bbox 758 2278 911 2342; x_wconf 84' lang='lat' dir='ltr'><strong>laeta</strong></span> 
     </span>
     <span class='ocr_line' id='line_1_17' title="bbox 203 2378 1158 2463; baseline 0.004 -20"><span class='ocrx_word' id='word_1_43' title='bbox 203 2385 495 2445; x_wconf 87' lang='lat' dir='ltr'><strong>nostrum</strong></span> <span class='ocrx_word' id='word_1_44' title='bbox 538 2378 793 2444; x_wconf 74' lang='lat' dir='ltr'><strong>lactans</strong></span> <span class='ocrx_word' id='word_1_45' title='bbox 835 2378 1158 2463; x_wconf 82' lang='lat' dir='ltr'><strong>gaudium.</strong></span> 
     </span>
    </p>
   </div>
   <div class='ocr_carea' id='block_1_6' title="bbox 111 2539 1092 2829">
    <p class='ocr_par' dir='ltr' id='par_1_8' title="bbox 111 2539 1092 2829">
     <span class='ocr_line' id='line_1_18' title="bbox 111 2539 1092 2629; baseline 0.004 -22"><span class='ocrx_word' id='word_1_46' title='bbox 111 2539 367 2609; x_wconf 85' lang='lat' dir='ltr'><strong>Servus</strong></span> <span class='ocrx_word' id='word_1_47' title='bbox 409 2544 602 2628; x_wconf 87' lang='lat' dir='ltr'><strong>bibit,</strong></span> <span class='ocrx_word' id='word_1_48' title='bbox 646 2545 757 2628; x_wconf 90' lang='lat' dir='ltr'><strong>qui</strong></span> <span class='ocrx_word' id='word_1_49' title='bbox 799 2546 1092 2629; x_wconf 79' lang='lat' dir='ltr'><strong>legatur,</strong></span> 
     </span>
     <span class='ocr_line' id='line_1_19' title="bbox 113 2643 920 2728; baseline 0 -19"><span class='ocrx_word' id='word_1_50' title='bbox 113 2651 186 2709; x_wconf 80' lang='lat' dir='ltr'><strong>et</strong></span> <span class='ocrx_word' id='word_1_51' title='bbox 229 2643 512 2709; x_wconf 77' lang='lat' dir='ltr'><strong>camelus</strong></span> <span class='ocrx_word' id='word_1_52' title='bbox 556 2644 920 2728; x_wconf 81' lang='lat' dir='ltr'><strong>adaquatur</strong></span> 
     </span>
     <span class='ocr_line' id='line_1_20' title="bbox 202 2745 956 2829; baseline 0 -18"><span class='ocrx_word' id='word_1_53' title='bbox 202 2765 290 2811; x_wconf 80' lang='lat' dir='ltr'><strong>ex</strong></span> <span class='ocrx_word' id='word_1_54' title='bbox 332 2745 656 2812; x_wconf 76' lang='lat' dir='ltr'><strong>Rebeccae</strong></span> <span class='ocrx_word' id='word_1_55' title='bbox 699 2746 956 2829; x_wconf 84' lang='lat' dir='ltr'><strong>hydria.</strong></span> 
     </span>
    </p>
   </div>
   <div class='ocr_carea' id='block_1_7' title="bbox 110 2922 1025 3214">
    <p class='ocr_par' dir='ltr' id='par_1_9' title="bbox 110 2922 1025 3214">
     <span class='ocr_line' id='line_1_21' title="bbox 110 2922 1025 2991; baseline 0 0"><span class='ocrx_word' id='word_1_56' title='bbox 110 2922 277 2991; x_wconf 82' lang='lat' dir='ltr'><strong>Haeo</strong></span> <span class='ocrx_word' id='word_1_57' title='bbox 319 2926 579 2991; x_wconf 87' lang='lat' dir='ltr'><strong>inaures</strong></span> <span class='ocrx_word' id='word_1_58' title='bbox 627 2934 693 2990; x_wconf 76' lang='lat' dir='ltr'><strong>et</strong></span> <span class='ocrx_word' id='word_1_59' title='bbox 737 2926 1025 2991; x_wconf 80' lang='lat' dir='ltr'><strong>armillas</strong></span> 
     </span>
     <span class='ocr_line' id='line_1_22' title="bbox 116 3027 963 3111; baseline 0 -18"><span class='ocrx_word' id='word_1_60' title='bbox 116 3034 303 3111; x_wconf 83' lang='lat' dir='ltr'><strong>aptat</strong></span> <span class='ocrx_word' id='word_1_61' title='bbox 349 3027 489 3109; x_wconf 89' lang='lat' dir='ltr'><strong>sibi,</strong></span> <span class='ocrx_word' id='word_1_62' title='bbox 534 3035 606 3092; x_wconf 88' lang='lat' dir='ltr'><strong>ut</strong></span> <span class='ocrx_word' id='word_1_63' title='bbox 648 3048 775 3111; x_wconf 91' lang='lat' dir='ltr'><strong>per</strong></span> <span class='ocrx_word' id='word_1_64' title='bbox 814 3028 963 3093; x_wconf 88' lang='lat' dir='ltr'><strong>illas</strong></span> 
     </span>
     <span class='ocr_line' id='line_1_23' title="bbox 205 3129 891 3214; baseline -0.001 -19"><span class='ocrx_word' id='word_1_65' title='bbox 205 3131 351 3196; x_wconf 80' lang='lat' dir='ltr'><strong>viro</strong></span> <span class='ocrx_word' id='word_1_66' title='bbox 387 3129 504 3195; x_wconf 85' lang='lat' dir='ltr'><strong>fiat</strong></span> <span class='ocrx_word' id='word_1_67' title='bbox 548 3148 856 3214; x_wconf 81' lang='lat' dir='ltr'><strong>congrua.</strong></span> <span class='ocrx_word' id='word_1_68' title='bbox 888 3150 891 3153; x_wconf 63' lang='grc'>“</span> 
     </span>
    </p>
   </div>
   <div class='ocr_carea' id='block_1_8' title="bbox 115 3312 1001 3583">
    <p class='ocr_par' dir='ltr' id='par_1_10' title="bbox 115 3312 1001 3583">
     <span class='ocr_line' id='line_1_24' title="bbox 116 3312 980 3399; baseline -0.001 -18"><span class='ocrx_word' id='word_1_69' title='bbox 116 3312 485 3399; x_wconf 76' lang='lat' dir='ltr'><strong>synagoga</strong></span> <span class='ocrx_word' id='word_1_70' title='bbox 530 3316 980 3399; x_wconf 84' lang='lat' dir='ltr'><strong>subplantatur</strong></span> 
     </span>
     <span class='ocr_line' id='line_1_25' title="bbox 115 3416 1001 3501; baseline 0.001 -18"><span class='ocrx_word' id='word_1_71' title='bbox 115 3436 159 3483; x_wconf 87' lang='lat' dir='ltr'><strong>a</strong></span> <span class='ocrx_word' id='word_1_72' title='bbox 200 3417 439 3501; x_wconf 78' lang='lat' dir='ltr'><strong>Jacob,</strong></span> <span class='ocrx_word' id='word_1_73' title='bbox 486 3416 635 3482; x_wconf 88' lang='lat' dir='ltr'><strong>dum</strong></span> <span class='ocrx_word' id='word_1_74' title='bbox 678 3425 1001 3500; x_wconf 80' lang='lat' dir='ltr'><strong>evagatur</strong></span> 
     </span>
     <span class='ocr_line' id='line_1_26' title="bbox 201 3517 905 3583; baseline 0.001 -3"><span class='ocrx_word' id='word_1_75' title='bbox 201 3517 386 3581; x_wconf 89' lang='lat' dir='ltr'><strong>nimis</strong></span> <span class='ocrx_word' id='word_1_76' title='bbox 429 3517 603 3582; x_wconf 85' lang='lat' dir='ltr'><strong>freta</strong></span> <span class='ocrx_word' id='word_1_77' title='bbox 651 3518 905 3583; x_wconf 83' lang='lat' dir='ltr'><strong>litterae.</strong></span> 
     </span>
    </p>
   </div>
   <div class='ocr_carea' id='block_1_9' title="bbox 113 3691 1135 3983">
    <p class='ocr_par' dir='ltr' id='par_1_11' title="bbox 113 3691 1135 3983">
     <span class='ocr_line' id='line_1_27' title="bbox 113 3691 1135 3783; baseline 0.004 -22"><span class='ocrx_word' id='word_1_78' title='bbox 113 3691 327 3780; x_wconf 81' lang='lat' dir='ltr'><strong>Lyam</strong></span> <span class='ocrx_word' id='word_1_79' title='bbox 371 3696 611 3780; x_wconf 87' lang='lat' dir='ltr'><strong>lippam</strong></span> <span class='ocrx_word' id='word_1_80' title='bbox 656 3698 861 3764; x_wconf 81' lang='lat' dir='ltr'><strong>latent</strong></span> <span class='ocrx_word' id='word_1_81' title='bbox 903 3700 1135 3783; x_wconf 82' lang='lat' dir='ltr'><strong>multa,</strong></span> 
     </span>
     <span class='ocr_line' id='line_1_28' title="bbox 116 3797 1103 3881; baseline 0.008 -19"><span class='ocrx_word' id='word_1_82' title='bbox 116 3798 346 3881; x_wconf 87' lang='lat' dir='ltr'><strong>quibus</strong></span> <span class='ocrx_word' id='word_1_83' title='bbox 382 3797 631 3865; x_wconf 78' lang='lat' dir='ltr'><strong>Rachel</strong></span> <span class='ocrx_word' id='word_1_84' title='bbox 675 3801 905 3866; x_wconf 82' lang='lat' dir='ltr'><strong>videns</strong></span> <span class='ocrx_word' id='word_1_85' title='bbox 940 3800 1103 3870; x_wconf 78' lang='lat' dir='ltr'><strong>fulta</strong></span> 
     </span>
     <span class='ocr_line' id='line_1_29' title="bbox 196 3901 876 3983; baseline 0.009 -19"><span class='ocrx_word' id='word_1_86' title='bbox 196 3901 343 3983; x_wconf 88' lang='lat' dir='ltr'><strong>pari</strong></span> <span class='ocrx_word' id='word_1_87' title='bbox 385 3904 567 3969; x_wconf 80' lang='lat' dir='ltr'><strong>nubit</strong></span> <span class='ocrx_word' id='word_1_88' title='bbox 608 3903 876 3972; x_wconf 84' lang='lat' dir='ltr'><strong>foedere.</strong></span> 
     </span>
    </p>
   </div>
   <div class='ocr_carea' id='block_1_10' title="bbox 109 4076 965 4357">
    <p class='ocr_par' dir='ltr' id='par_1_12' title="bbox 109 4076 965 4357">
     <span class='ocr_line' id='line_1_30' title="bbox 114 4076 901 4163; baseline 0.006 -19"><span class='ocrx_word' id='word_1_89' title='bbox 114 4076 191 4144; x_wconf 89' lang='lat' dir='ltr'><strong>In</strong></span> <span class='ocrx_word' id='word_1_90' title='bbox 231 4076 408 4142; x_wconf 82' lang='lat' dir='ltr'><strong>bivio</strong></span> <span class='ocrx_word' id='word_1_91' title='bbox 452 4087 682 4163; x_wconf 81' lang='lat' dir='ltr'><strong>tegens</strong></span> <span class='ocrx_word' id='word_1_92' title='bbox 726 4084 901 4150; x_wconf 89' lang='lat' dir='ltr'><strong>nuda</strong></span> 
     </span>
     <span class='ocr_line' id='line_1_31' title="bbox 109 4179 965 4265; baseline 0.016 -24"><span class='ocrx_word' id='word_1_93' title='bbox 109 4179 403 4263; x_wconf 81' lang='lat' dir='ltr'><strong>geminos</strong></span> <span class='ocrx_word' id='word_1_94' title='bbox 445 4185 619 4265; x_wconf 84' lang='lat' dir='ltr'><strong>parit</strong></span> <span class='ocrx_word' id='word_1_95' title='bbox 663 4204 747 4249; x_wconf 84' lang='lat' dir='ltr'><strong>ex</strong></span> <span class='ocrx_word' id='word_1_96' title='bbox 790 4186 965 4255; x_wconf 80' lang='lat' dir='ltr'><strong>Juda</strong></span> 
     </span>
     <span class='ocr_line' id='line_1_32' title="bbox 200 4279 890 4357; baseline 0.014 -11"><span class='ocrx_word' id='word_1_97' title='bbox 200 4279 479 4348; x_wconf 84' lang='lat' dir='ltr'><strong>Thamar</strong></span> <span class='ocrx_word' id='word_1_98' title='bbox 524 4284 633 4351; x_wconf 85' lang='lat' dir='ltr'><strong>diu</strong></span> <span class='ocrx_word' id='word_1_99' title='bbox 675 4287 890 4357; x_wconf 86' lang='lat' dir='ltr'><strong>vidua.</strong></span> 
     </span>
    </p>
   </div>
   <div class='ocr_carea' id='block_1_11' title="bbox 112 4459 1036 4762">
    <p class='ocr_par' dir='ltr' id='par_1_13' title="bbox 112 4459 1036 4762">
     <span class='ocr_line' id='line_1_33' title="bbox 112 4459 964 4553; baseline 0.014 -29"><span class='ocrx_word' id='word_1_100' title='bbox 112 4459 276 4535; x_wconf 77' lang='lat' dir='ltr'><strong>Hine</strong></span> <span class='ocrx_word' id='word_1_101' title='bbox 317 4460 588 4546; x_wconf 80' lang='lat' dir='ltr'>Moyses</span> <span class='ocrx_word' id='word_1_102' title='bbox 634 4486 676 4531; x_wconf 88' lang='lat' dir='ltr'><strong>a</strong></span> <span class='ocrx_word' id='word_1_103' title='bbox 716 4470 964 4553; x_wconf 83' lang='lat' dir='ltr'><strong>puella,</strong></span> 
     </span>
     <span class='ocr_line' id='line_1_34' title="bbox 114 4562 1036 4653; baseline 0.02 -25"><span class='ocrx_word' id='word_1_104' title='bbox 114 4562 259 4629; x_wconf 85' lang='lat' dir='ltr'><strong>dum</strong></span> <span class='ocrx_word' id='word_1_105' title='bbox 302 4583 377 4630; x_wconf 90' lang='lat' dir='ltr'><strong>se</strong></span> <span class='ocrx_word' id='word_1_106' title='bbox 418 4567 628 4653; x_wconf 85' lang='lat' dir='ltr'><strong>lavat,</strong></span> <span class='ocrx_word' id='word_1_107' title='bbox 673 4571 740 4636; x_wconf 89' lang='lat' dir='ltr'><strong>in</strong></span> <span class='ocrx_word' id='word_1_108' title='bbox 784 4572 1036 4646; x_wconf 75' lang='lat' dir='ltr'><strong>fiscella</strong></span> 
     </span>
     <span class='ocr_line' id='line_1_35' title="bbox 194 4671 885 4762; baseline 0.022 -32"><span class='ocrx_word' id='word_1_109' title='bbox 194 4671 565 4755; x_wconf 80' lang='lat' dir='ltr'><strong>repperitur</strong></span> <span class='ocrx_word' id='word_1_110' title='bbox 608 4674 885 4762; x_wconf 80' lang='lat' dir='ltr'><strong>scirpea.</strong></span> 
     </span>
    </p>
   </div>
   <div class='ocr_carea' id='block_1_12' title="bbox 1296 850 1380 919">
    <p class='ocr_par' dir='ltr' id='par_1_14' title="bbox 1296 850 1380 919">
     <span class='ocr_line' id='line_1_36' title="bbox 1296 850 1380 919; baseline 0.048 -4"><span class='ocrx_word' id='word_1_111' title='bbox 1296 850 1380 919; x_wconf 85' lang='lat'><strong>10</strong></span> 
     </span>
    </p>
   </div>
   <div class='ocr_carea' id='block_1_13' title="bbox 1294 1438 1377 1501">
    <p class='ocr_par' dir='ltr' id='par_1_15' title="bbox 1294 1438 1377 1501">
     <span class='ocr_line' id='line_1_37' title="bbox 1294 1438 1377 1501; baseline 0 0"><span class='ocrx_word' id='word_1_112' title='bbox 1294 1438 1377 1501; x_wconf 83' lang='lat'><strong>15</strong></span> 
     </span>
    </p>
   </div>
   <div class='ocr_carea' id='block_1_14' title="bbox 1282 2008 1370 2074">
    <p class='ocr_par' dir='ltr' id='par_1_16' title="bbox 1282 2008 1370 2074">
     <span class='ocr_line' id='line_1_38' title="bbox 1282 2008 1370 2074; baseline 0.011 -1"><span class='ocrx_word' id='word_1_113' title='bbox 1282 2008 1370 2074; x_wconf 86' lang='lat'><strong>20</strong></span> 
     </span>
    </p>
   </div>
   <div class='ocr_carea' id='block_1_15' title="bbox 1282 2646 1367 2711">
    <p class='ocr_par' dir='ltr' id='par_1_17' title="bbox 1282 2646 1367 2711">
     <span class='ocr_line' id='line_1_39' title="bbox 1282 2646 1367 2711; baseline 0.012 -1"><span class='ocrx_word' id='word_1_114' title='bbox 1282 2646 1367 2711; x_wconf 88' lang='grc'><strong>25</strong></span> 
     </span>
    </p>
   </div>
   <div class='ocr_carea' id='block_1_16' title="bbox 1232 3292 1366 3380">
    <p class='ocr_par' dir='ltr' id='par_1_18' title="bbox 1232 3292 1366 3380">
     <span class='ocr_line' id='line_1_40' title="bbox 1232 3292 1366 3380; baseline 0.015 -2"><span class='ocrx_word' id='word_1_115' title='bbox 1232 3292 1366 3380; x_wconf 80' lang='grc'><strong>’30</strong></span> 
     </span>
    </p>
   </div>
   <div class='ocr_carea' id='block_1_17' title="bbox 1275 3906 1361 3973">
    <p class='ocr_par' dir='ltr' id='par_1_19' title="bbox 1275 3906 1361 3973">
     <span class='ocr_line' id='line_1_41' title="bbox 1275 3906 1361 3973; baseline -0.012 0"><span class='ocrx_word' id='word_1_116' title='bbox 1275 3906 1361 3973; x_wconf 79' lang='grc'><strong>35</strong></span> 
     </span>
    </p>
   </div>
   <div class='ocr_carea' id='block_1_18' title="bbox 1269 4580 1357 4648">
    <p class='ocr_par' dir='ltr' id='par_1_20' title="bbox 1269 4580 1357 4648">
     <span class='ocr_line' id='line_1_42' title="bbox 1269 4580 1357 4648; baseline 0.011 -1"><span class='ocrx_word' id='word_1_117' title='bbox 1269 4580 1357 4648; x_wconf 82' lang='grc'><strong>40</strong></span> 
     </span>
    </p>
   </div>
   <div class='ocr_carea' id='block_1_19' title="bbox 2611 306 2745 375">
    <p class='ocr_par' dir='ltr' id='par_1_21' title="bbox 2611 306 2745 375">
     <span class='ocr_line' id='line_1_43' title="bbox 2611 306 2745 375; baseline 0.015 -2"><span class='ocrx_word' id='word_1_118' title='bbox 2611 306 2745 375; x_wconf 74' lang='lat' dir='ltr'><strong>8ss</strong></span> 
     </span>
    </p>
   </div>
   <div class='ocr_carea' id='block_1_20' title="bbox 1487 487 2540 781">
    <p class='ocr_par' dir='ltr' id='par_1_22' title="bbox 1487 487 2540 781">
     <span class='ocr_line' id='line_1_44' title="bbox 1487 487 2540 577; baseline 0.005 -21"><span class='ocrx_word' id='word_1_119' title='bbox 1487 487 1659 557; x_wconf 79' lang='lat' dir='ltr'><strong>nino</strong></span> <span class='ocrx_word' id='word_1_120' title='bbox 1699 508 1842 555; x_wconf 86' lang='lat' dir='ltr'><strong>mas</strong></span> <span class='ocrx_word' id='word_1_121' title='bbox 1885 509 2095 573; x_wconf 81' lang='lat' dir='ltr'><strong>agnus</strong></span> <span class='ocrx_word' id='word_1_122' title='bbox 2141 491 2540 577; x_wconf 79' lang='lat' dir='ltr'><strong>immolatur,</strong></span> 
     </span>
     <span class='ocr_line' id='line_1_45' title="bbox 1489 595 2270 679; baseline 0.001 -19"><span class='ocrx_word' id='word_1_123' title='bbox 1489 613 1620 677; x_wconf 87' lang='lat' dir='ltr'><strong>quo</strong></span> <span class='ocrx_word' id='word_1_124' title='bbox 1662 595 1917 660; x_wconf 78' lang='lat' dir='ltr'><strong>Israhel</strong></span> <span class='ocrx_word' id='word_1_125' title='bbox 1962 597 2234 661; x_wconf 83' lang='lat' dir='ltr'><strong>satiatur</strong></span> <span class='ocrx_word' id='word_1_126' title='bbox 2251 645 2270 679; x_wconf 86' lang='lat'>‚</span> 
     </span>
     <span class='ocr_line' id='line_1_46' title="bbox 1577 697 2315 781; baseline 0.004 -22"><span class='ocrx_word' id='word_1_127' title='bbox 1577 697 1722 781; x_wconf 86' lang='lat' dir='ltr'><strong>ejus</strong></span> <span class='ocrx_word' id='word_1_128' title='bbox 1767 703 1940 762; x_wconf 83' lang='lat' dir='ltr'><strong>tutus</strong></span> <span class='ocrx_word' id='word_1_129' title='bbox 1982 699 2315 780; x_wconf 78' lang='lat' dir='ltr'><strong>sanguine.</strong></span> 
     </span>
    </p>
   </div>
   <div class='ocr_carea' id='block_1_21' title="bbox 1484 846 2739 1135">
    <p class='ocr_par' dir='ltr' id='par_1_23' title="bbox 1484 846 2739 1135">
     <span class='ocr_line' id='line_1_47' title="bbox 1485 846 2739 934; baseline -0.002 -19"><span class='ocrx_word' id='word_1_130' title='bbox 1485 847 1655 915; x_wconf 77' lang='lat' dir='ltr'><strong>nino</strong></span> <span class='ocrx_word' id='word_1_131' title='bbox 1698 846 2007 912; x_wconf 82' lang='lat' dir='ltr'><strong>transitur</strong></span> <span class='ocrx_word' id='word_1_132' title='bbox 2051 850 2292 914; x_wconf 86' lang='lat' dir='ltr'><strong>rubens</strong></span> <span class='ocrx_word' id='word_1_133' title='bbox 2335 849 2538 934; x_wconf 85' lang='lat' dir='ltr'><strong>unda,</strong></span> <span class='ocrx_word' id='word_1_134' title='bbox 2653 851 2739 914; x_wconf 81' lang='lat'><strong>45</strong></span> 
     </span>
     <span class='ocr_line' id='line_1_48' title="bbox 1484 945 2396 1034; baseline 0.002 -19"><span class='ocrx_word' id='word_1_135' title='bbox 1484 945 1862 1034; x_wconf 82' lang='lat' dir='ltr'><strong>Aegyptios</strong></span> <span class='ocrx_word' id='word_1_136' title='bbox 1905 952 2026 1016; x_wconf 91' lang='lat' dir='ltr'><strong>sub</strong></span> <span class='ocrx_word' id='word_1_137' title='bbox 2069 951 2396 1034; x_wconf 72' lang='lat' dir='ltr'><strong>profunda</strong></span> 
     </span>
     <span class='ocr_line' id='line_1_49' title="bbox 1572 1053 2234 1135; baseline 0.003 -20"><span class='ocrx_word' id='word_1_138' title='bbox 1572 1053 1855 1116; x_wconf 88' lang='lat' dir='ltr'><strong>obruens</strong></span> <span class='ocrx_word' id='word_1_139' title='bbox 1899 1053 2234 1135; x_wconf 78' lang='lat' dir='ltr'><strong>voragine.</strong></span> 
     </span>
    </p>
   </div>
   <div class='ocr_carea' id='block_1_22' title="bbox 1481 1203 2736 1478">
    <p class='ocr_par' dir='ltr' id='par_1_24' title="bbox 1481 1203 2736 1478">
     <span class='ocr_line' id='line_1_50' title="bbox 1483 1203 2558 1294; baseline 0.006 -25"><span class='ocrx_word' id='word_1_140' title='bbox 1483 1203 1653 1271; x_wconf 77' lang='lat' dir='ltr'><strong>Hinc</strong></span> <span class='ocrx_word' id='word_1_141' title='bbox 1697 1214 1800 1270; x_wconf 77' lang='lat' dir='ltr'><strong>est</strong></span> <span class='ocrx_word' id='word_1_142' title='bbox 1843 1226 2007 1271; x_wconf 87' lang='lat' dir='ltr'><strong>urna</strong></span> <span class='ocrx_word' id='word_1_143' title='bbox 2049 1205 2285 1273; x_wconf 67' lang='lat' dir='ltr'><strong>manna</strong></span> <span class='ocrx_word' id='word_1_144' title='bbox 2326 1208 2558 1294; x_wconf 83' lang='lat' dir='ltr'><strong>plena,</strong></span> 
     </span>
     <span class='ocr_line' id='line_1_51' title="bbox 1481 1306 2409 1392; baseline 0.008 -23"><span class='ocrx_word' id='word_1_145' title='bbox 1481 1306 1636 1371; x_wconf 81' lang='lat' dir='ltr'><strong>hino</strong></span> <span class='ocrx_word' id='word_1_146' title='bbox 1679 1307 1982 1374; x_wconf 85' lang='lat' dir='ltr'><strong>mandata</strong></span> <span class='ocrx_word' id='word_1_147' title='bbox 2025 1310 2194 1392; x_wconf 81' lang='lat' dir='ltr'><strong>legis</strong></span> <span class='ocrx_word' id='word_1_148' title='bbox 2241 1310 2409 1376; x_wconf 86' lang='lat' dir='ltr'><strong>dena</strong></span> 
     </span>
     <span class='ocr_line' id='line_1_52' title="bbox 1569 1407 2736 1478; baseline 0.006 -7"><span class='ocrx_word' id='word_1_149' title='bbox 1569 1407 1690 1472; x_wconf 86' lang='lat' dir='ltr'><strong>sed</strong></span> <span class='ocrx_word' id='word_1_150' title='bbox 1731 1409 1797 1472; x_wconf 91' lang='lat' dir='ltr'><strong>in</strong></span> <span class='ocrx_word' id='word_1_151' title='bbox 1841 1429 1998 1476; x_wconf 77' lang='lat' dir='ltr'><strong>arca</strong></span> <span class='ocrx_word' id='word_1_152' title='bbox 2043 1411 2326 1477; x_wconf 80' lang='lat' dir='ltr'><strong>foederis.</strong></span> <span class='ocrx_word' id='word_1_153' title='bbox 2652 1415 2736 1478; x_wconf 85' lang='lat'><strong>50</strong></span> 
     </span>
    </p>
   </div>
   <div class='ocr_carea' id='block_1_23' title="bbox 1477 1557 2530 1852">
    <p class='ocr_par' dir='ltr' id='par_1_25' title="bbox 1477 1557 2530 1852">
     <span class='ocr_line' id='line_1_53' title="bbox 1477 1557 2530 1650; baseline 0.008 -25"><span class='ocrx_word' id='word_1_154' title='bbox 1477 1557 1650 1626; x_wconf 78' lang='lat' dir='ltr'><strong>Hine</strong></span> <span class='ocrx_word' id='word_1_155' title='bbox 1693 1570 1842 1628; x_wconf 84' lang='lat' dir='ltr'><strong>sunt</strong></span> <span class='ocrx_word' id='word_1_156' title='bbox 1886 1582 2075 1631; x_wconf 81' lang='lat' dir='ltr'><strong>saera</strong></span> <span class='ocrx_word' id='word_1_157' title='bbox 2120 1575 2530 1650; x_wconf 80' lang='lat' dir='ltr'><strong>ornamenta,</strong></span> 
     </span>
     <span class='ocr_line' id='line_1_54' title="bbox 1478 1662 2358 1750; baseline 0.005 -21"><span class='ocrx_word' id='word_1_158' title='bbox 1478 1663 1634 1732; x_wconf 82' lang='lat' dir='ltr'><strong>hino</strong></span> <span class='ocrx_word' id='word_1_159' title='bbox 1675 1662 1907 1731; x_wconf 85' lang='lat' dir='ltr'><strong>Aaron</strong></span> <span class='ocrx_word' id='word_1_160' title='bbox 1950 1667 2358 1750; x_wconf 81' lang='lat' dir='ltr'><strong>indumenta,</strong></span> 
     </span>
     <span class='ocr_line' id='line_1_55' title="bbox 1569 1767 2400 1852; baseline 0.002 -22"><span class='ocrx_word' id='word_1_161' title='bbox 1569 1785 1716 1847; x_wconf 79' lang='lat' dir='ltr'><strong>quae</strong></span> <span class='ocrx_word' id='word_1_162' title='bbox 1759 1767 2075 1849; x_wconf 79' lang='lat' dir='ltr'><strong>praeeedit</strong></span> <span class='ocrx_word' id='word_1_163' title='bbox 2119 1768 2400 1852; x_wconf 83' lang='lat' dir='ltr'><strong>poderis.</strong></span> 
     </span>
    </p>
   </div>
   <div class='ocr_carea' id='block_1_24' title="bbox 1477 1916 2730 2209">
    <p class='ocr_par' dir='ltr' id='par_1_26' title="bbox 1477 1916 2730 2209">
     <span class='ocr_line' id='line_1_56' title="bbox 1478 1916 2282 2005; baseline 0.001 -20"><span class='ocrx_word' id='word_1_164' title='bbox 1478 1916 1648 1985; x_wconf 78' lang='lat' dir='ltr'><strong>Hinc</strong></span> <span class='ocrx_word' id='word_1_165' title='bbox 1691 1917 1886 1985; x_wconf 84' lang='lat' dir='ltr'><strong>Urias</strong></span> <span class='ocrx_word' id='word_1_166' title='bbox 1921 1920 2282 2005; x_wconf 79' lang='lat' dir='ltr'><strong>judicatur,</strong></span> 
     </span>
     <span class='ocr_line' id='line_1_57' title="bbox 1477 2018 2730 2087; baseline -0.001 0"><span class='ocrx_word' id='word_1_167' title='bbox 1477 2018 1812 2087; x_wconf 82' lang='lat' dir='ltr'><strong>Bersabee</strong></span> <span class='ocrx_word' id='word_1_168' title='bbox 1858 2023 2238 2086; x_wconf 86' lang='lat' dir='ltr'><strong>sublimatur</strong></span> <span class='ocrx_word' id='word_1_169' title='bbox 2648 2024 2730 2086; x_wconf 90' lang='grc'><strong>55</strong></span> 
     </span>
     <span class='ocr_line' id='line_1_58' title="bbox 1564 2122 2324 2209; baseline 0.008 -25"><span class='ocrx_word' id='word_1_170' title='bbox 1564 2122 1742 2187; x_wconf 85' lang='lat' dir='ltr'><strong>sedis</strong></span> <span class='ocrx_word' id='word_1_171' title='bbox 1787 2142 2056 2189; x_wconf 79' lang='lat' dir='ltr'><strong>consors</strong></span> <span class='ocrx_word' id='word_1_172' title='bbox 2102 2126 2324 2209; x_wconf 79' lang='lat' dir='ltr'><strong>regiae.</strong></span> 
     </span>
    </p>
   </div>
   <div class='ocr_carea' id='block_1_25' title="bbox 1474 2274 2365 2568">
    <p class='ocr_par' dir='ltr' id='par_1_27' title="bbox 1474 2274 2365 2568">
     <span class='ocr_line' id='line_1_59' title="bbox 1474 2274 2192 2361; baseline 0.006 -18"><span class='ocrx_word' id='word_1_173' title='bbox 1474 2274 1640 2343; x_wconf 83' lang='lat' dir='ltr'><strong>Haeo</strong></span> <span class='ocrx_word' id='word_1_174' title='bbox 1681 2279 1828 2361; x_wconf 80' lang='lat' dir='ltr'><strong>regi</strong></span> <span class='ocrx_word' id='word_1_175' title='bbox 1871 2281 2192 2346; x_wconf 83' lang='lat' dir='ltr'><strong>varietate</strong></span> 
     </span>
     <span class='ocr_line' id='line_1_60' title="bbox 1475 2381 2365 2457; baseline 0.006 -12"><span class='ocrx_word' id='word_1_176' title='bbox 1475 2381 1678 2446; x_wconf 81' lang='lat' dir='ltr'><strong>vestis</strong></span> <span class='ocrx_word' id='word_1_177' title='bbox 1725 2391 1896 2448; x_wconf 84' lang='lat' dir='ltr'><strong>astat</strong></span> <span class='ocrx_word' id='word_1_178' title='bbox 1939 2384 2272 2449; x_wconf 84' lang='lat' dir='ltr'><strong>deauratae</strong></span> <span class='ocrx_word' id='word_1_179' title='bbox 2359 2453 2365 2457; x_wconf 69' lang='grc'>,</span> 
     </span>
     <span class='ocr_line' id='line_1_61' title="bbox 1562 2484 2216 2568; baseline 0.005 -20"><span class='ocrx_word' id='word_1_180' title='bbox 1562 2484 1731 2550; x_wconf 83' lang='lat' dir='ltr'><strong>siout</strong></span> <span class='ocrx_word' id='word_1_181' title='bbox 1771 2504 2000 2568; x_wconf 78' lang='lat' dir='ltr'><strong>regum</strong></span> <span class='ocrx_word' id='word_1_182' title='bbox 2044 2485 2216 2551; x_wconf 83' lang='lat' dir='ltr'><strong>filiae.</strong></span> 
     </span>
    </p>
   </div>
   <div class='ocr_carea' id='block_1_26' title="bbox 1471 2636 2730 2928">
    <p class='ocr_par' dir='ltr' id='par_1_28' title="bbox 1471 2636 2730 2928">
     <span class='ocr_line' id='line_1_62' title="bbox 1471 2636 2730 2726; baseline 0.005 -24"><span class='ocrx_word' id='word_1_183' title='bbox 1471 2636 1618 2703; x_wconf 83' lang='lat' dir='ltr'><strong>Huc</strong></span> <span class='ocrx_word' id='word_1_184' title='bbox 1661 2639 1839 2704; x_wconf 83' lang='lat' dir='ltr'><strong>venit</strong></span> <span class='ocrx_word' id='word_1_185' title='bbox 1881 2636 2111 2707; x_wconf 81' lang='lat' dir='ltr'><strong>Austri</strong></span> <span class='ocrx_word' id='word_1_186' title='bbox 2154 2641 2421 2726; x_wconf 81' lang='lat' dir='ltr'><strong>regina,</strong></span> <span class='ocrx_word' id='word_1_187' title='bbox 2643 2643 2730 2708; x_wconf 84' lang='grc'><strong>60</strong></span> 
     </span>
     <span class='ocr_line' id='line_1_63' title="bbox 1473 2739 2342 2827; baseline 0.006 -21"><span class='ocrx_word' id='word_1_188' title='bbox 1473 2739 1843 2807; x_wconf 87' lang='lat' dir='ltr'><strong>Salomonis</strong></span> <span class='ocrx_word' id='word_1_189' title='bbox 1888 2763 2078 2827; x_wconf 91' lang='lat' dir='ltr'><strong>quam</strong></span> <span class='ocrx_word' id='word_1_190' title='bbox 2124 2745 2342 2811; x_wconf 84' lang='lat' dir='ltr'><strong>divina</strong></span> 
     </span>
     <span class='ocr_line' id='line_1_64' title="bbox 1563 2843 2163 2928; baseline 0.002 -21"><span class='ocrx_word' id='word_1_191' title='bbox 1563 2843 1782 2908; x_wconf 72' lang='lat' dir='ltr'><strong>condit</strong></span> <span class='ocrx_word' id='word_1_192' title='bbox 1828 2846 2163 2928; x_wconf 85' lang='lat' dir='ltr'><strong>sapientia.</strong></span> 
     </span>
    </p>
   </div>
   <div class='ocr_carea' id='block_1_27' title="bbox 1472 2992 2730 3283">
    <p class='ocr_par' dir='ltr' id='par_1_29' title="bbox 1472 2992 2730 3283">
     <span class='ocr_line' id='line_1_65' title="bbox 1472 2992 2550 3080; baseline 0.006 -22"><span class='ocrx_word' id='word_1_193' title='bbox 1472 2992 1637 3058; x_wconf 82' lang='lat' dir='ltr'><strong>Haec</strong></span> <span class='ocrx_word' id='word_1_194' title='bbox 1680 2996 1869 3077; x_wconf 83' lang='lat' dir='ltr'><strong>nigra</strong></span> <span class='ocrx_word' id='word_1_195' title='bbox 1913 3003 2031 3077; x_wconf 81' lang='lat' dir='ltr'><strong>est,</strong></span> <span class='ocrx_word' id='word_1_196' title='bbox 2078 2996 2194 3060; x_wconf 85' lang='lat' dir='ltr'><strong>sed</strong></span> <span class='ocrx_word' id='word_1_197' title='bbox 2230 2995 2550 3080; x_wconf 82' lang='lat' dir='ltr'><strong>formosa,</strong></span> 
     </span>
     <span class='ocr_line' id='line_1_66' title="bbox 1472 3096 2381 3179; baseline 0.003 -19"><span class='ocrx_word' id='word_1_198' title='bbox 1472 3096 1744 3179; x_wconf 82' lang='lat' dir='ltr'><strong>myrrha</strong></span> <span class='ocrx_word' id='word_1_199' title='bbox 1787 3106 1853 3161; x_wconf 86' lang='lat' dir='ltr'><strong>et</strong></span> <span class='ocrx_word' id='word_1_200' title='bbox 1900 3098 2086 3162; x_wconf 81' lang='lat' dir='ltr'><strong>thure</strong></span> <span class='ocrx_word' id='word_1_201' title='bbox 2130 3097 2381 3164; x_wconf 85' lang='lat' dir='ltr'><strong>fumosa</strong></span> 
     </span>
     <span class='ocr_line' id='line_1_67' title="bbox 1559 3199 2730 3283; baseline 0.004 -22"><span class='ocrx_word' id='word_1_202' title='bbox 1559 3199 1755 3281; x_wconf 81' lang='lat' dir='ltr'><strong>virga</strong></span> <span class='ocrx_word' id='word_1_203' title='bbox 1796 3200 2241 3283; x_wconf 79' lang='lat' dir='ltr'><strong>pigmentaria.</strong></span> <span class='ocrx_word' id='word_1_204' title='bbox 2642 3204 2730 3266; x_wconf 83' lang='grc'><strong>65</strong></span> 
     </span>
    </p>
   </div>
   <div class='ocr_carea' id='block_1_28' title="bbox 1470 3351 2725 3849">
    <p class='ocr_par' dir='ltr' id='par_1_30' title="bbox 1470 3351 2725 3849">
     <span class='ocr_line' id='line_1_68' title="bbox 1470 3351 1876 3437; baseline -0.005 -17"><span class='ocrx_word' id='word_1_205' title='bbox 1470 3351 1589 3420; x_wconf 75' lang='lat' dir='ltr'><strong>Sic</strong></span> <span class='ocrx_word' id='word_1_206' title='bbox 1630 3354 1876 3437; x_wconf 80' lang='lat' dir='ltr'><strong>futura,</strong></span> 
     </span>
     <span class='ocr_line' id='line_1_69' title="bbox 1472 3455 1882 3541; baseline 0.005 -21"><span class='ocrx_word' id='word_1_207' title='bbox 1472 3476 1621 3540; x_wconf 87' lang='lat' dir='ltr'><strong>quae</strong></span> <span class='ocrx_word' id='word_1_208' title='bbox 1667 3455 1882 3541; x_wconf 82' lang='lat' dir='ltr'><strong>figura</strong></span> 
     </span>
     <span class='ocr_line' id='line_1_70' title="bbox 1473 3559 1903 3643; baseline -0.002 -20"><span class='ocrx_word' id='word_1_209' title='bbox 1473 3559 1903 3643; x_wconf 81' lang='lat' dir='ltr'><strong>obumbravit,</strong></span> 
     </span>
     <span class='ocr_line' id='line_1_71' title="bbox 1470 3662 1795 3726; baseline 0.006 -2"><span class='ocrx_word' id='word_1_210' title='bbox 1470 3662 1795 3726; x_wconf 84' lang='lat' dir='ltr'><strong>reseravit</strong></span> 
     </span>
     <span class='ocr_line' id='line_1_72' title="bbox 1557 3762 2725 3849; baseline 0.003 -22"><span class='ocrx_word' id='word_1_211' title='bbox 1557 3762 1746 3829; x_wconf 88' lang='lat' dir='ltr'><strong>nobis</strong></span> <span class='ocrx_word' id='word_1_212' title='bbox 1792 3763 1932 3829; x_wconf 88' lang='lat' dir='ltr'><strong>dies</strong></span> <span class='ocrx_word' id='word_1_213' title='bbox 1965 3765 2214 3849; x_wconf 78' lang='lat' dir='ltr'><strong>gratiae.</strong></span> <span class='ocrx_word' id='word_1_214' title='bbox 2640 3766 2725 3831; x_wconf 78' lang='lat'><strong>70</strong></span> 
     </span>
    </p>
   </div>
   <div class='ocr_carea' id='block_1_29' title="bbox 1467 3915 2721 4413">
    <p class='ocr_par' dir='ltr' id='par_1_31' title="bbox 1467 3915 2721 4413">
     <span class='ocr_line' id='line_1_73' title="bbox 1468 3915 1946 3985; baseline -0.002 0"><span class='ocrx_word' id='word_1_215' title='bbox 1468 3915 1621 3985; x_wconf 84' lang='lat' dir='ltr'><strong>Jam</strong></span> <span class='ocrx_word' id='word_1_216' title='bbox 1663 3917 1729 3980; x_wconf 89' lang='lat' dir='ltr'><strong>in</strong></span> <span class='ocrx_word' id='word_1_217' title='bbox 1773 3918 1946 3984; x_wconf 74' lang='lat' dir='ltr'><strong>leuto</strong></span> 
     </span>
     <span class='ocr_line' id='line_1_74' title="bbox 1467 4019 1899 4089; baseline -0.007 0"><span class='ocrx_word' id='word_1_218' title='bbox 1467 4037 1615 4089; x_wconf 71' lang='lat' dir='ltr'><strong>oum</strong></span> <span class='ocrx_word' id='word_1_219' title='bbox 1662 4019 1899 4086; x_wconf 79' lang='lat' dir='ltr'><strong>dilecto</strong></span> 
     </span>
     <span class='ocr_line' id='line_1_75' title="bbox 1470 4122 1875 4205; baseline 0 -18"><span class='ocrx_word' id='word_1_220' title='bbox 1470 4122 1875 4205; x_wconf 82' lang='lat' dir='ltr'><strong>quiescamus</strong></span> 
     </span>
     <span class='ocr_line' id='line_1_76' title="bbox 1467 4226 1965 4309; baseline 0.006 -19"><span class='ocrx_word' id='word_1_221' title='bbox 1467 4233 1537 4291; x_wconf 83' lang='lat' dir='ltr'><strong>et</strong></span> <span class='ocrx_word' id='word_1_222' title='bbox 1578 4226 1965 4309; x_wconf 88' lang='lat' dir='ltr'><strong>psallamus,</strong></span> 
     </span>
     <span class='ocr_line' id='line_1_77' title="bbox 1553 4330 2721 4413; baseline 0.002 -22"><span class='ocrx_word' id='word_1_223' title='bbox 1553 4336 1780 4394; x_wconf 82' lang='lat' dir='ltr'><strong>assunt</strong></span> <span class='ocrx_word' id='word_1_224' title='bbox 1824 4331 1992 4393; x_wconf 88' lang='lat' dir='ltr'><strong>enim</strong></span> <span class='ocrx_word' id='word_1_225' title='bbox 2036 4330 2279 4413; x_wconf 86' lang='lat' dir='ltr'><strong>nuptiae</strong></span> <span class='ocrx_word' id='word_1_226' title='bbox 2292 4375 2310 4411; x_wconf 88' lang='lat'>‚</span> <span class='ocrx_word' id='word_1_227' title='bbox 2635 4331 2721 4394; x_wconf 77' lang='lat'><strong>75</strong></span> 
     </span>
    </p>
   </div>
   <div class='ocr_carea' id='block_1_30' title="bbox 1463 4481 2406 4774">
    <p class='ocr_par' dir='ltr' id='par_1_32' title="bbox 1463 4481 2406 4774">
     <span class='ocr_line' id='line_1_78' title="bbox 1465 4481 2406 4570; baseline 0.005 -23"><span class='ocrx_word' id='word_1_228' title='bbox 1465 4481 1750 4560; x_wconf 78' lang='lat' dir='ltr'><strong>Quarum</strong></span> <span class='ocrx_word' id='word_1_229' title='bbox 1793 4493 1978 4551; x_wconf 84' lang='lat' dir='ltr'><strong>tonat</strong></span> <span class='ocrx_word' id='word_1_230' title='bbox 2021 4486 2406 4570; x_wconf 79' lang='lat' dir='ltr'><strong>principium</strong></span> 
     </span>
     <span class='ocr_line' id='line_1_79' title="bbox 1463 4584 2186 4671; baseline 0.007 -24"><span class='ocrx_word' id='word_1_231' title='bbox 1463 4584 1531 4647; x_wconf 91' lang='lat' dir='ltr'><strong>in</strong></span> <span class='ocrx_word' id='word_1_232' title='bbox 1577 4587 1748 4651; x_wconf 84' lang='lat' dir='ltr'><strong>tubis</strong></span> <span class='ocrx_word' id='word_1_233' title='bbox 1793 4587 2186 4671; x_wconf 81' lang='lat' dir='ltr'><strong>epulantium</strong></span> 
     </span>
     <span class='ocr_line' id='line_1_80' title="bbox 1464 4686 2328 4774; baseline 0.003 -22"><span class='ocrx_word' id='word_1_234' title='bbox 1464 4693 1534 4752; x_wconf 80' lang='lat' dir='ltr'><strong>et</strong></span> <span class='ocrx_word' id='word_1_235' title='bbox 1576 4686 1725 4754; x_wconf 83' lang='lat' dir='ltr'><strong>finis</strong></span> <span class='ocrx_word' id='word_1_236' title='bbox 1768 4708 1891 4773; x_wconf 84' lang='lat' dir='ltr'><strong>per</strong></span> <span class='ocrx_word' id='word_1_237' title='bbox 1935 4691 2328 4774; x_wconf 76' lang='lat' dir='ltr'><strong>psalterium.</strong></span> 
     </span>
    </p>
   </div>
  </div>
 </body>
</html>
