3159 5259
202 483 543 542 ,ἐι-Μαι
574 480 920 555 fabricatum
986 483 1065 540 im
1107 479 1503 542 Aiebat-chen
1543 481 1647 537 der
1680 482 2022 540 mucrore.
2073 485 2205 542 ibid.
2240 489 2295 558 2,
2331 490 2415 543 12.
2461 483 2815 546 heisst‘Gcst

200 571 560 629 machinator
592 587 780 627 rernm
817 570 1070 627 omnium.
1139 570 1283 624 Das·
1318 574 1485 624 nnter
1508 569 1701 624 diesen
1725 570 2092 627 Ausdn‘icken
2117 573 2271 629 nicht
2295 589 2404 630 nur
2429 575 2530 632 der
2555 576 2812 648 Blldner,

207 657 458 715 sondern
502 660 648 716 auch
692 659 794 714 der
824 655 1104 729 Schopfer
1150 673 1221 712 zu
1254 657 1552 713 verstehen
1589 673 1719 729 sey,
1773 659 1875 714 hat
1906 660 2082 716 schon
2118 662 2351 717 Amores.
2386 662 2633 720 hexaem.
2669 667 2721 736 1,
2757 665 2814 722 1.

194 744 482 818 „hemerkt
548 746 708 804 Fecit
752 746 891 802 deus
918 744 1137 802 ‘caelum
1182 748 1241 800 et
1274 749 1483 800 terram
1522 750 1590 801 et
1634 759 1703 800 ea
1738 745 1898 816 quasi
1931 751 2130 803 auctor
2166 762 2295 806 esse
2328 750 2630 824 pracepit,
2691 766 2812 810 non

196 837 475 904 mquam
506 830 709 907 figure
743 834 1033 902 inventor,
1068 829 1169 888 sed
1202 836 1465 904 tanquam
1500 837 1773 904 operator
1806 837 2038 890 naturae.
2089 835 2219 891 stad.
2252 840 2304 905 2,
2345 839 2393 892 1.
2441 838 2809 910 Omnipotens

205 918 434 977 artifex.
517 923 781 993 Assya-stan.
832 921 892 976 in
925 936 1116 995 genes.
1148 924 1212 991 2,
1247 920 1298 975 8.
1344 921 1561 993 Grcyor.
1593 920 1727 977 Naz.
1771 926 1917 980 orat.
1964 924 2050 993 12,
2095 939 2148 996 p.
2183 925 2289 980 199
2339 931 2513 983 neunt
2547 926 2812 1008 Christus

203 1004 242 1067 ὅ
279 1013 518 1080 τεχνίτης
544 1006 724 1083 λόγος.

382 1093 452 1150 V.
484 1096 570 1151 43.
621 1092 869 1151 remedii.
936 1093 1061 1150 Nisi
1092 1096 1246 1150 esset
1277 1091 1413 1150 deus
1446 1107 1647 1164 verus,
1703 1109 1819 1150 non
1853 1093 2086 1152 afferret
2117 1097 2449 1172 remedium3
2509 1098 2621 1156 nisi
2655 1101 2815 1158 esset

200 1183 381 1241 homo
415 1198 601 1255 verus,
636 1199 749 1239 non
783 1182 1073 1255 praeberet
1099 1180 1423 1253 exemplum.
1491 1182 1648 1237 Leon.
1684 1181 1754 1237 M.
1791 1197 1951 1237 serm.
1986 1184 2074 1253 21,
2108 1187 2162 1239 2.

381 1271 448 1327 V.
485 1271 568 1326 61.
604 1271 689 1326 62.
743 1271 998 1328 christus
1032 1266 1185 1325 filius
1219 1268 1459 1325 hominis
1494 1274 1584 1325 est
1615 1267 1818 1340 factus,
1854 1274 1918 1326 ut
1950 1286 2059 1327 nos
2093 1269 2199 1328 filii
2234 1271 2325 1328 dei
2359 1289 2487 1330 esse
2517 1272 2818 1345 possimus.

206 1358 366 1416 Leon.
400 1376 470 1416 m.
503 1376 665 1415 serm.
699 1360 787 1428 26,
819 1362 873 1413 2.

390 1446 456 1503 V.
490 1449 576 1504 91.
627 1461 863 1519 regnum
897 1443 1133 1501 luminis.
1199 1444 1403 1501 Lucem
1438 1459 1752 1516 quaeramus
1766 1486 1781 1514 ,
1817 1460 1981 1515 qnam
2013 1445 2208 1503 videre
2244 1461 2369 1501 cum
2403 1447 2544 1503 solis
2579 1449 2808 1521 angelis

204 1534 491 1607 possimus
508 1576 525 1606 ‚
587 1552 752 1610 quam
798 1550 903 1591 nec
946 1532 1163 1589 initium
1192 1531 1456 1605 inchoat,
1516 1547 1623 1587 nec
1653 1528 1781 1588 finis
1816 1538 2097 1605 augustat.
2167 1534 2385 1606 δωρον.
2417 1536 2488 1591 Μ.
2523 1534 2712 1593 homil.
2745 1536 2813 1593 in

205 1638 296 1678 ev.
333 1626 384 1693 1,
418 1626 472 1695 2,
506 1626 558 1678 7.

871 1941 992 2016 36.
1067 1939 1396 2039 Hymnus
1448 1938 1537 2011 dc
1582 1936 1798 2010 natali
1850 1935 2131 2011 domini.

204 2140 267 2206 0
311 2142 486 2206 salus
529 2142 779 2226 mundi,
825 2152 1004 2210 sator
1044 2146 1359 2230 universi,

203 2245 353 2308 sola
397 2263 549 2330 spes
593 2245 766 2330 vitae,
813 2246 1012 2314 decus
1058 2266 1098 2313 o
1148 2269 1456 2334 perenne,

206 2347 465 2418 debitas
510 2349 734 2415 landes
780 2350 897 2416 tibi
938 2371 1058 2417 nos
1101 2353 1387 2419 ferentes

340 2452 596 2536 suscipe
643 2453 941 2519 clemens.

206 2614 335 2695 Qui
391 2618 620 2690 volens
675 2626 875 2686 totum
918 2639 1231 2705 reparare
1273 2642 1455 2687 mun-

900 2724 1050 2789 dum
1068 2772 1086 2807 ‚
1416 2728 1456 2789 5

194 2828 487 2909 gratiam
528 2828 704 2892 miris
749 2823 1027 2894 dederas
1069 2829 1338 2894 habenis

199 2950 295 2995 ne
329 2930 501 3013 jugo
544 2930 710 3013 legis
753 2941 1155 3016 premeretur
1198 2934 1402 3000 omnis

341 3032 675 3117 plasmatis
718 3042 897 3097 aetas.

202 3191 373 3258 flaec
417 3211 623 3277 agens
668 3194 873 3276 gratis
916 3194 1061 3258 vice
1106 3195 1391 3260 caritatis

205 3315 320 3362 res
355 3298 744 3383 protoplasti
774 3301 1086 3365 miserans
1102 3299 1336 3365 levasti
1378 3300 1456 3363 10

202 3409 282 3467 et
315 3423 616 3487 premens
651 3404 908 3469 tandem
943 3403 1304 3472 Leviathan
1340 3425 1458 3471 an-

919 3532 1114 3594 guem

342 3629 463 3676 nos
507 3616 847 3681 revocasti.

206 3775 378 3844 Nam
397 3785 788 3844 coaeternum
806 3780 920 3845 tibi
938 3799 1176 3846 summe
1190 3785 1459 3848 verbum

208 3879 417 3965 prolis
453 3878 747 3945 humanae
775 3884 1053 3966 speciem
1090 3887 1371 3968 probare

210 3985 483 4049 miseras
529 3987 704 4070 orbi,
748 3988 886 4051 sine
930 3988 1078 4053 labe
1122 3990 1295 4054 naevi
1377 3992 1455 4054 15

344 4091 597 4175 virgine
642 4101 972 4179 sumptam.

206 4253 365 4323 Jam
417 4274 655 4322 novum
708 4256 922 4323 lumen
978 4256 1168 4323 datur
1221 4256 1307 4324 ad
1349 4275 1457 4324 sa-

900 4363 1099 4427 lutem
1112 4410 1132 4447 ‚

211 4470 405 4531 natus
435 4469 535 4528 est
562 4466 747 4534 nobis
775 4485 983 4532 novus
1011 4474 1238 4533 auctor
1264 4465 1462 4553 orbis,

1559 2143 1870 2230 splendor
1914 2146 2142 2208 aeterni
2183 2146 2390 2231 patris
2430 2165 2510 2213 ac
2545 2145 2816 2233 superni

1677 2248 1820 2333 jam
1864 2266 2020 2313 caro
2063 2248 2293 2314 factus.
2719 2251 2814 2317 20

1556 2430 1678 2497 Ille
1722 2431 2010 2514 signatas
2053 2450 2357 2496 reserans
2402 2429 2649 2515 figuras

1556 2535 1726 2617 legis
1772 2537 2067 2601 obscurae
2110 2533 2389 2618 fideique
2432 2556 2617 2621 purae

1558 2638 1855 2703 sensibus
1897 2638 2136 2702 nostris
2180 2637 2391 2703 aderit
2430 2638 2744 2723 perennis

1687 2760 1812 2826 pro
1856 2741 2264 2808 renovandis.

1557 2924 1753 2990 Nulla
1777 2925 1879 2989 vis
1905 2927 2091 2992 nobis
2117 2934 2407 2990 remanet
2435 2926 2697 3009 doloris,
2718 2926 2810 2991 25

1557 3031 1729 3096 filius
1773 3034 1998 3096 summi
2039 3033 2233 3115 vigor
2277 3039 2456 3097 extat
2501 3032 2702 3116 omni,

1561 3136 1671 3218 qui
1716 3135 1845 3200 fide
1891 3156 2055 3220 pura
2098 3137 2410 3221 vigilique
2455 3155 2613 3202 cura

1689 3238 1899 3305 credit
1939 3241 2004 3305 in
2050 3241 2277 3326 ipsum.

1557 3439 1726 3509 Hinc
1766 3439 1970 3506 melos
2014 3440 2233 3526 hymni
2294 3459 2669 3506 resonemus
2712 3439 2814 3507 illi

1559 3546 1837 3631 supplici
1878 3553 2035 3610 voto
2083 3545 2418 3628 studioque
2464 3553 2633 3630 toto,
2721 3546 2811 3611 30

1557 3659 1631 3717 ut
1676 3652 2032 3717 coheredes
2078 3654 2330 3720 sibimet
2372 3652 2603 3718 fideles

1689 3756 2105 3823 inveniamur.

1557 3949 1735 4017 Laus
1795 3950 1969 4035 patri
2025 3968 2271 4017 summo
2332 3951 2415 4015 sit
2470 3949 2814 4032 honorque

2247 4061 2401 4118 nato
2415 4101 2433 4136 ‚

1559 4158 1885 4243 pneumati
1914 4167 2137 4225 sancto
2168 4156 2365 4222 decus
2393 4164 2586 4240 atque
2616 4157 2814 4245 doxa,

1563 4261 1674 4344 qui
1741 4280 2006 4326 manens
2077 4262 2279 4325 trinus
2352 4260 2509 4326 deus
2572 4270 2673 4326 est
2743 4267 2816 4328 et

2253 4385 2417 4431 unus
2724 4368 2818 4431 35

1695 4486 1955 4553 semper
1996 4468 2251 4552 ubique.
2314 4489 2517 4536 amen.

391 4651 486 4708 Hs.
522 4669 593 4709 zu
626 4653 925 4724 Miinchen‚
980 4654 1116 4712 Clm.
1154 4656 1341 4710 14756.
1390 4651 1427 4710 fi
1467 4656 1582 4709 159.
1622 4655 1684 4707 11
1721 4652 1919 4710 Jahrh.
1987 4653 2103 4709 Der
2137 4654 2386 4726 Hymnus
2419 4657 2498 4712 ist
2532 4672 2648 4712 von
2685 4654 2818 4713 dem

211 4737 419 4800 much
444 4740 614 4799 Othlo
641 4757 757 4798 von
778 4740 836 4800 S.
861 4742 1172 4801 Emmeram
1195 4743 1256 4802 in
1280 4742 1671 4817 Regomburg,
1698 4740 1813 4800 und
1841 4741 1996 4802 steht
2019 4758 2111 4799 am
2131 4742 2289 4808 Ende
2316 4744 2504 4802 seiner
2530 4741 2820 4802 Gediohtn.
