3159 5259
151 510 454 596 Angelus
498 511 869 597 pastoribus
1516 507 1709 578 orbis
1755 509 1905 577 dum
1949 509 2363 598 describitur,

278 622 474 709 juxta
516 640 700 687 suum
742 639 1016 705 gregem
1603 614 1796 699 virgo
1839 636 2189 701 praegnans
2234 619 2371 685 ibat

153 736 350 796 noete
384 727 802 811 vigilantibus
1513 716 1931 804 Bethlehem,
1978 738 2106 804 quo
2149 721 2440 787 nascitur

241 837 465 894 natmn
506 828 650 896 caeii
696 845 924 910 regem
1600 840 1798 906 puer,
1843 822 1955 905 qui
1996 840 2117 886 nos
2159 824 2407 889 scn'bat

150 934 413 1000 nuntiat
454 950 600 999 cum
643 927 917 1015 gaudio,
1116 979 1135 994 .
1326 927 1412 992 35
1513 922 1581 988 in
1623 922 1880 988 iliorum
1925 923 2190 1008 curiam,
2677 925 2766 990 65

145 1034 482 1123 jacentem
525 1033 856 1119 praesepio
1515 1028 1629 1109 qui
1670 1029 1994 1094 canebant
2034 1030 2313 1113 gloriam

244 1140 556 1207 infantem
597 1155 958 1224 pannosum
975 1184 994 1221 ,
1567 1145 1867 1197 ’summae
1911 1131 2202 1216 deitatis,

156 1244 543 1330 angelorum
588 1243 910 1308 dominum
1362 1259 1369 1270 ’
1516 1240 1586 1297 et
1626 1234 1694 1298 in
1738 1240 1935 1299 terrae
1977 1234 2212 1301 finibus

154 1353 229 1412 et
269 1353 631 1431 praenatum
673 1343 998 1410 hominum
1514 1356 1652 1422 pax
1695 1338 1780 1401 sit
1821 1336 1887 1402 in
1931 1337 2292 1406 hominibus

245 1448 460 1515 forma
501 1447 883 1534 speciosum.
1328 1442 1416 1508 40
1605 1441 1797 1507 bonae
1841 1441 2210 1506 voluntatis.
2683 1442 2767 1510 ⁷⁰

152 1608 249 1681 Ut
288 1611 526 1676 vitrum
567 1627 698 1676 non
744 1605 1004 1673 laeditur
1518 1603 1846 1671 Christum
1886 1613 2107 1672 natum
2151 1604 2476 1672 dominum

249 1713 391 1778 sole
436 1717 819 1798 penetrante
833 1758 851 1794 ,
1602 1728 1828 1775 omnes
1870 1710 2319 1795 imploremus,

158 1819 261 1883 sic
301 1817 509 1882 illaesa
554 1814 839 1882 creditur
1519 1818 1924 1894 matremque
1967 1830 2112 1876 cum
2155 1810 2293 1877 filio

252 1918 446 2001 virgo
490 1924 643 2002 post
684 1923 753 1980 et
795 1922 962 1980 ante.
1220 1939 1227 1944 ·
1605 1917 1856 2000 pariter
1897 1915 2268 2000 laudemus3

160 2021 324 2087 felix
370 2029 473 2086 est
512 2040 878 2107 puerpera,
1331 2017 1415 2082 45
1519 2027 1622 2084 est
1665 2020 1824 2085 satis
1868 2021 2176 2085 mirabilis
2688 2021 2771 2084 75

170 2125 357 2210 cujus
402 2125 625 2191 clau‘sa
668 2125 928 2189 viscera
1018 2123 1023 2132 '
1328 2139 1335 2146 ·
1519 2131 1588 2192 et
1630 2125 1895 2189 multum
1938 2125 2283 2192 laudabilis
2645 2124 2654 2132 '

255 2226 445 2292 deum
487 2221 944 2314 portaverunt,
1605 2248 1767 2292 vere
1809 2249 1976 2313 puer
2018 2229 2159 2296 iste.

163 2339 236 2399 et
279 2334 477 2397 beata
518 2333 754 2412 ubera,
1520 2350 1686 2415 ergo
1730 2334 1907 2398 solus
1953 2333 2246 2400 dominns

164 2455 319 2521 que
363 2442 558 2499 aetate
602 2442 833 2499 tenera
1519 2436 1700 2499 sohis
1745 2443 1812 2499 et
1853 2436 2199 2502 altheimm

256 2536 579 2602 Christum
623 2536 1046 2601 lactaverunt.
1328 2534 1415 2598 56
1609 2553 1681 2603 es
1724 2547 1797 2603 tu
1839 2539 2002 2605 Jesu
2048 2540 2322 2606 Christe.
2385 2559 2396 2572 ·
2683 2539 2774 2608 86

160 2695 244 2766 ln
292 2698 571 2761 obscuro
614 2697 901 2760 nascitur
1525 2691 1783 2758 Christe
1827 2696 1938 2776 qui
1979 2713 2101 2759 nos
2144 2697 2430 2781 propriis

254 2798 610 2863 illustrator
654 2797 840 2880 solis,
1610 2797 1901 2862 manibus
1948 2797 2156 2863 fecisti

156 2905 424 2969 stabulo
468 2904 804 2988 reponitur
1524 2906 1594 2965 et
1634 2919 1756 2985 pro
1801 2903 1989 2968 nobis
2034 2904 2326 2967 omnibus

254 3007 562 3091 princeps
607 3014 803 3070 terrae
846 3004 1064 3083 molis3
1178 3077 1183 3080 ,
1611 3003 1793 3068 nasci
1835 3005 2126 3085 voluisti,

159 3108 481 3174 fasciatur
527 3106 829 3189 dextera,
1336 3105 1419 3167 55
1526 3114 1592 3171 te
1638 3105 1874 3169 devote
1919 3108 2274 3190 poscimus,
2685 3109 2771 3174 85

162 3213 283 3298 qui
328 3211 538 3276 affixit
582 3210 835 3295 sidera,
1525 3208 1698 3289 laxa,
1744 3207 1919 3289 quod
1959 3210 2402 3292 peccavimus,

260 3316 410 3381 dum
454 3316 655 3380 coelos
699 3313 1020 3395 extendit3
1613 3329 1744 3376 non
1789 3312 1963 3377 sinas
2005 3313 2224 3398 perire

161 3428 525 3504 concrepat
568 3419 927 3502 vagitibus,
1527 3422 1679 3498 post
1721 3424 1992 3480 mortem
2033 3434 2154 3481 nos
2197 3417 2468 3482 miseros
2483 3467 2500 3502 ,

164 3522 285 3607 qui
325 3530 510 3586 tonat
549 3522 617 3585 in
662 3522 972 3605 nubibus,
1527 3524 1650 3588 sed
1695 3533 1907 3590 tecum
1950 3525 2034 3590 ad
2085 3545 2359 3612 superos

260 3623 409 3689 dum
453 3626 670 3708 fulgur
715 3623 1067 3688 descendit.
1338 3623 1421 3687 60
1614 3630 1818 3694 facias
1860 3633 2102 3695 venire.
2687 3630 2776 3693 ’90

349 3759 442 3814 Hs.
476 3775 545 3814 zu
581 3758 758 3828 Trier‚
807 3757 1290 3815 Stadtbibliothek
1322 3760 1376 3818 N
1378 3778 1426 3817 o.
1462 3765 1584 3818 724.
1632 3779 1734 3818 aus
1772 3762 1893 3817 dem
1931 3766 1996 3818 15
2030 3765 2225 3821 Jahrh.
2260 3765 2362 3820 mit
2396 3764 2499 3820 der
2533 3762 2778 3820 Melodie

167 3848 313 3920 (T),
377 3848 521 3902 auch
558 3847 650 3902 bei
683 3848 882 3902 Daniel
918 3851 967 3917 1,
1003 3849 1111 3902 330
1158 3849 1271 3918 (D)
1292 3890 1306 3919 ,
1360 3846 1551 3904 ferner
1597 3850 1655 3905 in
1692 3850 1790 3904 der
1824 3851 2139 3921 Hymnodia
2173 3868 2353 3908 sacra.
2387 3851 2623 3906 Monast
2660 3849 2774 3919 (Η)

164 3937 285 3994 und
318 3936 413 3991 bei
446 3936 596 3990 Paar
631 3935 859 3990 nucleus
897 3934 1219 3991 devotionis
1267 3936 1377 4007 (P)
1425 3953 1476 4009 p.
1518 3938 1632 3992 189.
1670 3935 1771 3993 mit
1806 3938 1905 3993 der
1940 3938 2358 4011 Bezeichuung:
2405 3935 2644 4009 hymnus
2678 3952 2778 4010 ιιι-ς

170 4023 395 4084 talitius
432 4029 573 4080 velus
608 4028 667 4079 et
702 4027 945 4095 vidqaris.

350 4133 387 4186 4
422 4131 490 4185 de
525 4148 577 4185 V.
612 4130 770 4186 DHP.
841 4130 876 4182 6
913 4132 1065 4184 totus
1102 4128 1172 4185 de
1207 4128 1364 4184 DHP.
1437 4131 1507 4183 14
1540 4133 1706 4185 natus
1740 4129 1800 4185 T.
1856 4134 1925 4185 17
1961 4130 2353 4202 comprehendi
2387 4128 2446 4184 T.
2503 4130 2572 4184 19
2591 4126 2689 4181 ille
2710 4125 2780 4182 Η.

168 4221 248 4278 20
282 4219 462 4274 nescit
495 4218 604 4273 HT.
641 4216 985 4288 apprehendi
1019 4217 1078 4271 Τ.
1147 4219 1217 4272 25
1255 4233 1415 4287 quem
1449 4216 1608 4271 DRP.
1678 4218 1749 4271 29
1783 4218 2068 4287 pudicitiae
2102 4218 2257 4274 DHP.
2329 4218 2400 4272 36
2434 4218 2493 4273 in
2527 4234 2580 4290 p.
2615 4215 2774 4272 Dm».

168 4308 249 4363 39
302 4321 423 4377 prae
478 4306 625 4360 natis
679 4305 787 4360 ΡΙ).
841 4304 1108 4376 praenatis
1162 4305 1225 4360 Η.
1314 4307 1385 4370 44
1417 4310 1551 4376 post
1599 4311 1827 4377 partum
1880 4311 1940 4362 et
1973 4305 2081 4361 ΒΡ.
2153 4307 2222 4358 45
2259 4306 2380 4359 haec
2417 4303 2512 4359 ffir
2549 4309 2636 4360 est
2669 4303 2778 4360 ΡΒ.

171 4409 216 4449 ο
250 4388 392 4446 felix
425 4391 489 4447 Η.
540 4393 611 4447 106
647 4397 805 4447 casta
839 4392 997 4446 DIIP.
1052 4393 1122 4446 47
1156 4397 1469 4463 genuerunt
1502 4392 1612 4448 ΒΡ.
1665 4395 1736 4448 49
1773 4393 1828 4449 in
1866 4391 1959 4447 fur
1995 4408 2118 4463 quae
2153 4392 2216 4447 D.
2287 4394 2355 4447 51
2388 4392 2642 4448 obscuris
2667 4391 2779 4446 ΗΡ.

62 4506 81 4521 .
174 4481 249 4535 55
287 4476 600 4534 fascinatur
635 4480 698 4535 Η.
771 4480 840 4534 56
876 4496 1001 4550 quae
1036 4480 1099 4535 Η.
1170 4482 1241 4536 5Ἷ
1278 4480 1425 4536 coelo
1460 4481 1523 4536 Η.
1559 4481 1844 4536 descendit
1880 4481 1989 4537 HT.
2060 4483 2131 4536 60
2166 4480 2345 4537 coelos
2382 4481 2633 4535 ascendit
2666 4480 2776 4535 ΤΗ.

172 4555 250 4621 ’63
288 4571 346 4621 et
379 4563 474 4621 fiir
508 4582 620 4636 quo
655 4566 765 4621 ΗΡ.
855 4568 924 4622 64
959 4567 1094 4623 deus
1130 4568 1189 4624 T.
1273 4569 1343 4623 65
1380 4568 1536 4623 curia
1572 4569 1635 4639 T,
1718 4570 1788 4624 66
1825 4568 2013 4642 gloria
2051 4569 2108 4624 Τ.
2181 4571 2252 4624 67
2288 4567 2485 4624 deitati
2520 4568 2579 4623 Τ.
2615 4581 2780 4634 novae

177 4653 475 4801 dignitatli?
510 4655 619 4712 ΗΡ.
690 4656 762 4711 68
797 4655 905 4712 deo
939 4655 985 4714 Ρ
1021 4658 1159 4715 deus
1194 4658 1253 4715 in
1289 4656 1620 4715 sublimibus
1655 4655 1721 4714 E.
1791 4659 1862 4712 69
1897 4658 2035 4713 dans
2071 4674 2267 4730 pacem
2301 4656 2614 4713 hominibus
2640 4653 2690 4710 Η
2724 4657 2786 4710 et

176 4757 381 4818 pacem
458 4784 474 4800 .
