3159 5259
2704 274 2840 345 ¹81

216 456 424 529 quibus
457 456 716 523 humana,
751 469 876 510 cum
909 451 1341 525 incomparabili
1374 453 1708 509 diversitate
1745 455 2005 527 sejuncta
2038 457 2182 527 εἰει,
2242 473 2347 515 nec
2383 462 2572 517 tamen
2606 454 2831 535 frustra

219 546 425 603 edem
460 550 590 601 sunt
622 543 794 601 rebus
831 542 1083 613 utrisque
1119 542 1299 599 indita
1332 542 1635 610 vocabula,
1670 541 1779 597 nisi
1814 543 1946 614 quia
1980 544 2102 598 haec
2139 546 2397 617 cognita,
2434 560 2559 616 quae
2595 545 2654 599 in
2689 558 2831 616 quo-

213 633 437 689 tidiana
471 630 873 687 consuetudine
907 637 1222 699 versantur,
1258 630 1585 687 nonnullam
1620 630 1696 684 ad
1728 629 2099 703 intelligenda
2133 631 2235 686 illa
2271 632 2532 688 sublimia
2564 631 2829 703 praebent

215 720 389 776 viam.
458 720 724 791 Amyn-stin.
758 722 950 789 quaest.
985 718 1063 773 ad
1096 718 1348 789 Simplic.
1379 721 1433 787 2,
1467 723 1666 789 quaest.
1702 721 1754 787 2,
1790 721 1842 772 2.
1878 721 1927 773 3.

397 823 501 879 Εἰιι
537 824 772 879 anderes
808 823 942 878 Lied
977 820 1084 877 auf
1111 823 1200 878 die
1233 824 1641 880 Dornenkrone
1678 824 1829 879 steht
1864 824 1922 880 in
1958 824 2082 879 dem
2110 824 2355 879 Mainzer
2379 823 2677 880 Messbueh
2702 836 2825 878 von

216 912 380 981 1482,
418 912 529 967 und
564 912 664 967 hat
700 914 766 965 12
804 910 1121 983 Strophen,
1158 912 1328 968 deren
1363 918 1516 968 erste
1553 929 1620 968 so
1657 911 1865 968 lantet·

1064 999 1236 1069 Coeli,
1275 1004 1470 1068 terroe,
1501 1000 1687 1055 maria

1062 1093 1122 1143 et
1159 1089 1218 1143 in
1254 1089 1338 1142 eis
1375 1087 1560 1143 omnia

1127 1174 1360 1230 laudent
1394 1180 1728 1230 creatorem.

396 1259 799 1315 Franzosisehe
835 1260 1035 1317 Lieder
1080 1262 1183 1317 des
1231 1264 1297 1315 15
1332 1262 1524 1318 Jahrb.
1571 1278 1666 1317 aur
1714 1264 1787 1317 les
1832 1266 1948 1333 cinq
1977 1267 2141 1333 plantes
2177 1266 2241 1318 de
2274 1268 2451 1319 nostre
2484 1267 2727 1333 κίρκων
2761 1260 2822 1314 in

213 1347 380 1403 einer
415 1347 653 1403 Wiener
687 1349 780 1405 112
819 1351 1082 1405 erwahnt
1116 1350 1277 1405 Dani-3
1313 1349 1469 1405 codd.
1505 1348 1756 1420 theolog.
1794 1348 2106 1405 vindobon.
2141 1351 2180 1419 I,
2216 1354 2268 1421 3,
2304 1351 2467 1405 3196.
2533 1349 2689 1405 naza
2724 1363 2828 1419 ge-

219 1439 404 1494 heren
438 1434 559 1493 wol
595 1441 738 1493 auch
773 1439 866 1495 die
899 1438 1282 1507 lateinischen,
1319 1437 1410 1494 die
1447 1453 1510 1492 er
1545 1437 1584 1505 1,
1622 1440 1673 1506 1,
1707 1453 1763 1507 p.
1803 1436 1941 1491 1088
1977 1437 2245 1493 hemerkt.
2313 1437 2418 1495 Ein
2451 1452 2685 1508 gromen
2720 1434 2835 1490 Ge-

216 1526 376 1582 dicht
410 1527 490 1580 De
525 1525 790 1596 passione
827 1526 1034 1583 domini
1070 1527 1223 1583 steht
1257 1526 1316 1581 in
1351 1525 1451 1582 der
1487 1527 1828 1583 Bliinchener
1863 1525 1957 1581 Hs.
1994 1526 2149 1598 Cmg.
2196 1526 2303 1582 No.
2337 1526 2443 1580 716
2491 1522 2533 1585 f.
2566 1524 2691 1579 185.
2719 1521 2827 1577 mit

213 1615 324 1670 der
356 1615 599 1674 Melodie
635 1616 747 1672 und
783 1616 906 1672 dem
941 1614 1196 1687 Anfang:

922 1704 983 1760 In
1018 1702 1304 1759 matutinis
1340 1702 1522 1774 patris
1558 1699 1837 1773 sapientia
1872 1705 1975 1755 etc.

769 1988 934 2061 137.
1005 1987 1365 2087 Tempore
1417 1982 1732 2085 paschali
1786 1984 2275 2082 (troparium).

220 2161 290 2227 1.

328 2156 706 2240 Magnificet
750 2155 1070 2222 confessio

211 2329 222 2339 ,
329 2269 523 2345 atque
568 2259 979 2344 pulchritudo

220 2430 290 2494 2.

329 2427 558 2510 Magni
600 2426 776 2509 regis
820 2444 1056 2490 novam

327 2533 394 2597 in
438 2550 632 2596 cruce
675 2529 1043 2612 victoriam,

328 2669 404 2736 In
449 2690 575 2753 qua
618 2669 1043 2754 triumphatus
1431 2671 1470 2733 5

329 2779 430 2836 est
473 2773 694 2837 mortis
738 2772 1169 2857 principatuS,

333 2934 472 3013 Qua
515 2942 897 2999 evacuatum

331 3050 432 3106 est
473 3043 731 3125 peccati
772 3041 1015 3106 veteris

1681 2156 1810 2223 Per
1855 2173 2111 2222 crucem
2155 2152 2348 2217 astris

1681 2260 1966 2325 sociatur
2008 2255 2332 2321 matutinis

1681 2364 1936 2443 factura
1974 2359 2325 2426 novissima
2338 2403 2356 2439 ,
2741 2351 2833 2417 25

1680 2474 2056 2533 restaurans
2103 2463 2252 2529 coeli
2296 2456 2652 2545 dispendia.

1625 2736 1638 2751 .
1685 2682 1863 2749 Crux
1905 2684 2061 2748 vitae
2103 2681 2378 2766 lignum,

1683 2791 1883 2854 vitam
1925 2787 2143 2853 mundi
2184 2793 2455 2871 portans

1684 2903 1878 2977 atque
1921 2894 2198 2977 pretium
2212 2940 2230 2973 ,
2274 2898 2347 2955 tu

1681 3000 1889 3064 vectis
1936 3017 2008 3062 es
2054 2997 2227 3062 botri
2739 2987 2829 3055 3⁰

1681 3103 1819 3170 nati
1860 3103 1929 3169 in
1970 3100 2179 3165 vineis
2221 3093 2543 3180 Engaddi.

331 3145 834 3230 chirographum
853 3193 873 3229 ,

217 3258 226 3267 .
331 3285 473 3363 Qua
515 3285 843 3368 paschalis
888 3284 1044 3367 agni
1391 3285 1471 3347 10
1683 3267 1978 3335 Christus
2022 3285 2154 3350 pax
2196 3269 2429 3329 nostra

332 3389 677 3454 inmolatur
719 3391 979 3455 victima
1681 3372 2041 3440 inimicitias

328 3511 455 3577 pro
501 3493 685 3575 ovili,
1678 3478 1943 3544 solvens
1987 3476 2140 3538 vitae
2184 3470 2343 3553 hiis,

1684 3583 1791 3665 qui
1835 3585 2020 3645 erant
2064 3595 2305 3662 prope,
2736 3566 2829 3631 35

217 3660 288 3722 4.
336 3656 477 3735 Qua
519 3657 806 3721 torcular
849 3657 1059 3722 calcat

335 3762 417 3824 de
461 3760 703 3843 Edom‚
747 3760 858 3843 qui
900 3769 1173 3825 venerat

335 3871 403 3929 et
448 3864 529 3928 de
573 3863 812 3948 Bosra,
1392 3861 1471 3923 15

336 4000 540 4085 Cujus
585 4001 937 4067 antidotum

335 4108 688 4191 serpentini
725 4106 1010 4171 vulneris

336 4218 526 4274 sanat
568 4228 866 4274 morsum.

219 4374 292 4440 ⁴5.
337 4373 467 4439 Per
511 4393 768 4439 crucem
812 4374 938 4438 deo

223 4544 232 4553 ,
336 4479 790 4544 reconciliatur
832 4475 1103 4542 mundus
1391 4475 1475 4539 20

334 4602 458 4666 per
500 4584 746 4666 lignum
787 4601 956 4647 nunc
998 4574 1389 4668 redemptae,

317 4705 440 4771 per
484 4688 728 4772 lignum
769 4689 838 4755 iu
878 4684 1097 4755 Adam
1139 4686 1460 4755 venditus·
1558 4709 1564 4715 ·
1610 4666 1621 4689 ³

1684 3685 1846 3751 dans
1872 3702 2101 3770 pacem
2131 3687 2196 3745 et
2223 3679 2355 3761 hia,
2400 3676 2509 3759 qui
2536 3694 2578 3739 a
2603 3673 2828 3754 longe.

1581 3906 1645 3969 7.
1687 3900 1740 3967 0
1784 3901 1991 3965 virtus
2033 3896 2244 3963 crucis
2264 3940 2283 3973 ‚

1684 4002 1986 4068 mundum
2029 3996 2303 4063 attrahis

1687 4100 2119 4188 amplexando
2163 4098 2289 4161 tuis

1685 4207 1836 4270 hinc
1877 4201 2027 4266 inde
2071 4196 2371 4265 brachiiS.
2741 4193 2833 4260 40

1589 4402 1599 4411 ·
1686 4370 1741 4436 0
1786 4368 2048 4434 excelsa
2092 4383 2284 4445 crux,

1686 4477 1816 4542 ima
1857 4474 2199 4561 perforans
2209 4518 2226 4555 ,
2306 4550 2313 4551 ἶ

1684 4581 1969 4661 vinetOS,
2016 4592 2177 4659 quos
2223 4570 2542 4655 absolvis,

1686 4686 1776 4755 ad
1817 4705 2063 4755 summa
2107 4682 2323 4768 erigis.
