3159 5259
2677 284 2803 351 121

185 457 522 530 cornutus,
573 453 634 509 in
669 469 834 510 cruce
868 471 1201 529 suspensus,
1236 465 1516 529 mortuus,
1551 461 1764 518 lancea'
1788 463 2143 536 vulneratus,
2180 466 2250 524 de
2284 482 2455 527 crues
2490 469 2801 543 depositus,

185 539 242 595 in
274 540 549 612 sepulcro
586 542 821 612 positus.

356 643 426 699 V.
457 646 543 699 16.
607 645 742 701 Hier
777 646 853 702 ist
885 663 1016 703 reus
1050 650 1163 704 wie
1189 651 1394 724 dignus
1421 654 1748 724 construirt,
1784 671 1917 711 rens
1943 654 2137 715 funere
2165 661 2344 716 heis-t
2377 660 2578 735 dignus
2603 668 2805 721 morte.

873 863 997 939 94.
1063 867 1287 941 Horae
1335 867 1423 942 de
1473 872 1806 970 passione
1860 870 2142 947 domini.

1199 1029 1300 1100 ad
1351 1032 1787 1104 malatinam

177 1166 288 1236 Ad
333 1172 719 1238 matutinum
764 1174 1020 1258 gemide
1539 1179 1672 1246 Per
1717 1190 1920 1247 testes
1964 1184 2392 1267 iniquissimos
2710 1188 2796 1252 25

259 1283 334 1340 tu
378 1285 638 1361 patrem
674 1282 995 1363 exorasti,
1628 1288 1991 1352 omnimode
2035 1290 2401 1374 mendaces,

176 1380 288 1463 qui
330 1399 477 1464 prae
522 1399 802 1446 moerore
846 1384 1122 1451 tremide
1542 1396 1611 1452 et
1654 1389 1834 1452 viros
1880 1408 2002 1472 per
2044 1391 2471 1473 nequissimos

259 1501 566 1548 cruorem
611 1484 942 1552 desudasti
1627 1501 1694 1556 et
1736 1493 1994 1558 nimium
2030 1512 2349 1578 procaces

172 1639 588 1709 Recumbens
633 1644 698 1709 in
743 1648 1044 1729 angustia
1393 1651 1434 1714 5
1537 1643 1611 1709 In
1658 1646 1828 1710 collo
1872 1652 1983 1710 tuo
2028 1664 2238 1712 caesus
2283 1666 2388 1732 es,

258 1746 326 1810 in
372 1757 591 1812 monte
638 1750 954 1816 olivarum
1624 1749 1691 1812 in
1736 1750 1947 1813 roseis
1991 1751 2269 1815 maxillis
2704 1758 2792 1824 30

174 1867 322 1917 eum
370 1852 541 1917 tristi
588 1855 986 1936 querimonia
1535 1869 1889 1936 percussus
1935 1863 2130 1937 atque
2172 1856 2371 1921 laesus
2416 1875 2519 1941 es,

257 1954 632 2021 instantium
676 1978 1029 2040 poenarum.
1624 1974 1769 2020 cum
1812 1957 2042 2039 palmis
2088 1964 2154 2022 et
2196 1959 2478 2042 pugillis.

167 2105 302 2174 Ast
345 2111 603 2176 interim
652 2131 796 2177 cum
839 2113 1092 2180 facibus
1535 2108 1609 2174 In
1656 2109 1888 2174 faciem
1933 2112 2294 2195 sputamine

256 2210 475 2277 Jndaei
520 2216 854 2282 venientes
1347 2222 1428 2286 10
1622 2213 1837 2279 Judaei
1883 2216 2312 2300 maculantes,

170 2323 240 2381 et
284 2317 523 2399 gladiis
569 2320 925 2386 minacibus
1535 2333 1681 2381 cum
1725 2316 1875 2382 albo
1922 2317 2292 2383 linteamine
2703 2323 2791 2385 35

258 2429 324 2484 te
362 2439 647 2506 propere
695 2435 1063 2507 quaerentes
1622 2427 1687 2483 te
1734 2421 1928 2485 etiam
1973 2422 2297 2505 velantes,

165 2576 299 2642 Per
348 2579 636 2644 osculum
684 2582 1024 2647 miserrimi
1535 2573 1629 2639 Te
1674 2575 1939 2640 multum
1988 2576 2303 2644 derisorie

256 2689 321 2745 te
368 2681 564 2748 Judae
613 2694 1081 2772 cognoverunt,
1622 2679 1937 2745 caedendo
1982 2685 2439 2769 verberarunt,

165 2791 233 2847 te
279 2786 489 2866 servi,
537 2785 656 2848 sed
703 2790 1078 2872 asperrimi,
1348 2793 1428 2855 15
1533 2789 1601 2845 ῐθ
1645 2782 1841 2845 valde
1887 2782 2297 2868 despectorie

253 2888 535 2971 ligantes
581 2889 1006 2956 abduxerunt.
1623 2886 1936 2950 calcando
1982 2891 2472 2954 subsannarunt.
2700 2891 2786 2955 40

163 3041 516 3129 Apostolis
562 3047 929 3113 timentibus
1533 3039 1797 3105 Petrum
1842 3042 2044 3105 tribus
2091 3051 2154 3106 te
2200 3044 2450 3110 vicibus

250 3149 571 3212 saevitiam
617 3150 904 3214 cohortis
1620 3154 1965 3227 negantem
2011 3145 2343 3231 audivisti,

164 3260 363 3337 atque
412 3253 893 3336 diffugientibus
1535 3272 1576 3315 a
1622 3250 1777 3313 diris
1823 3250 2234 3316 carnificibus

253 3359 484 3423 timore
531 3359 692 3424 dirae
736 3361 976 3426 mortis.
1343 3363 1427 3428 20
1620 3352 1843 3417 illusus
1891 3352 2042 3417 dum
2087 3354 2279 3419 fuisti-

165 3512 334 3579 Hinc
381 3533 602 3580 coram
644 3517 1058 3602 pontificibus
1529 3508 1691 3574 Haec
1735 3510 2002 3574 horrida
2047 3513 2341 3578 convicia
2698 3513 2784 3578 45

254 3616 434 3681 fuisti
479 3627 931 3702 praesentatus,
1619 3623 1687 3679 tu
1734 3616 1883 3698 quia
1927 3617 2239 3681 sustulisti

165 3719 234 3782 in
279 3720 493 3782 causis
539 3720 991 3804 multiplicibus
1532 3726 1599 3782 et
1644 3719 1772 3783 alia
1809 3721 2158 3804 supplicia,

253 3841 386 3888 non
431 3825 637 3888 minus
677 3834 1015 3891 accusatus
1620 3825 1850 3905 quibus
1896 3841 2015 3888 nos
2060 3825 2407 3892 redemisti.

354 3977 390 4029 3
445 3991 553 4046 pro
600 3975 694 4030 Hs.
750 3973 845 4031 fiir
899 3980 986 4047 qm·
1033 3973 1233 4029 stiinde
1287 3972 1486 4029 besser
1533 3978 1595 4028 et.
1693 3976 1730 4027 4
1776 3975 1993 4031 sudasti
2027 3976 2118 4031 Hs.
2216 3979 2252 4030 ⁷
2305 3976 2653 4047 querimonia
2689 3978 2787 4034 Hs.

179 4063 250 4118 19
305 4058 656 4135 fugientibus
693 4064 790 4119 Hs.
887 4066 958 4118 30
1005 4061 1060 4115 in
1099 4057 1245 4116 fehlt
1278 4061 1371 4116 us.
1468 4063 1539 4116 33
1578 4061 1652 4116 tis
1689 4062 1829 4117 oder
1865 4064 1946 4117 cis
1983 4060 2076 4117 fiir
2112 4063 2195 4133 in,
2231 4063 2324 4119 Hs.
2411 4065 2483 4119 36
2530 4070 2587 4120 te
2623 4062 2785 4122 fehlt.

177 4151 249 4204 46
287 4150 488 4204 besser
525 4150 825 4220 pertulisti.
880 4151 1013 4222 quia
1048 4153 1146 4206 hat
1180 4150 1384 4207 keinen
1417 4150 1716 4220 Nachsatz‚
1753 4168 1817 4207 es
1853 4152 2069 4207 scheint
2106 4153 2280 4208 daher
2306 4150 2399 4208 fiir
2425 4153 2515 4208 ein
2541 4154 2785 4210 anderes

159 4239 346 4301 Wort
382 4259 451 4297 zu
490 4241 708 4309 stehen,
747 4247 904 4296 etwa
939 4239 1035 4296 fiir
1064 4244 1166 4313 pie.

1144 4451 1267 4528 95.
1317 4453 1418 4527 ad
1455 4454 1779 4551 primam.

159 4598 279 4674 Ad
322 4603 598 4686 primam
641 4610 1073 4686 praesentatus
1119 4623 1191 4671 es
1526 4606 1611 4673 de
1659 4624 1786 4689 quo
1823 4606 1961 4691 jam
2010 4604 2362 4670 destinatus
2408 4623 2482 4671 es

251 4713 325 4773 tu
368 4704 636 4793 praesidi
678 4704 888 4772 Pilato
906 4751 926 4792 ,
1613 4710 1859 4784 Herodi
1904 4711 2257 4799 scelerate,
