3159 5259
176 485 451 552 Recolat
495 491 646 549 ante
691 485 904 549 omnia

175 589 323 672 pius
368 588 473 651 die
519 586 841 653 dominica

175 689 404 755 decem
448 697 787 772 praecepta
831 687 1072 755 domini
1359 730 1380 739 ,

177 793 614 876 articulosque
657 790 833 857 fidei.
995 840 1002 845 .
1342 790 1429 853 40

173 971 471 1038 Renovet
516 978 583 1036 et
627 970 958 1037 memoriae

171 1080 582 1140 sacramenta
626 1072 928 1138 ecclesiae
941 1118 960 1154 ‚

172 1196 321 1244 cum
365 1176 675 1242 similibus
721 1175 991 1257 ceteris,

173 1274 353 1343 fideli
397 1277 803 1342 necessariis.

173 1457 461 1525 Maxime
506 1471 676 1517 nunc
719 1469 900 1516 mens
947 1456 1181 1516 caveat
1194 1496 1218 1535 ,
1343 1450 1430 1515 45

175 1580 259 1626 ne
302 1559 526 1641 lingua
568 1556 805 1621 festum
849 1554 1130 1639 polluat,

171 1659 514 1727 offendens
557 1654 782 1741 lingua
825 1654 1094 1738 gravius

176 1782 367 1848 quam
411 1780 712 1828 manuum
755 1759 1081 1843 operibus.

173 1939 552 2009 laetandum
588 1937 728 2019 jam
775 1935 1054 2021 alacrius

174 2044 300 2128 piis
345 2042 624 2122 actibus,
671 2040 976 2123 precibus
1345 2033 1429 2098 50

176 2144 431 2210 devotis
445 2190 463 2224 ‚
509 2141 840 2206 exercitiis

169 2247 542 2328 sanctisque
589 2241 949 2308 desideriis.

174 2426 453 2493 Studeat
489 2427 632 2510 jam
677 2422 1012 2509 praecipue

169 2531 286 2614 pia
326 2545 507 2595 mens
552 2527 970 2608 requiescere

174 2631 522 2716 tranquilla
566 2628 966 2697 conscientia
1348 2626 1430 2690 55

174 2739 243 2802 in
289 2736 448 2818 deo,
496 2735 604 2817 qui
654 2740 759 2798 est
802 2731 1032 2798 omnia.

178 2915 597 2997 occupetque
644 2932 729 2975 ex
771 2911 1029 2991 integro

175 3024 454 3083 mentem
503 3013 611 3076 dei
655 3011 949 3092 dilectio,

177 3127 252 3186 nt
294 3134 476 3182 mens
520 3113 669 3178 haec
713 3108 1045 3176 sensibilia

176 3239 310 3287 non
354 3220 609 3301 sentiat,
655 3225 725 3282 ut
767 3224 1041 3281 mortua.
1348 3214 1430 3277 60

176 3404 450 3483 Penset,
497 3400 653 3484 quid
697 3401 810 3481 sit,
859 3416 987 3481 quo
1030 3398 1314 3480 venerit,

175 3507 288 3573 ubi
333 3508 433 3588 sit,
480 3525 597 3570 cur
643 3511 866 3570 creata
910 3505 1011 3587 sit,

175 3626 486 3691 quorsum
530 3609 656 3672 erit
700 3616 766 3672 et
809 3606 1089 3689 redituS‚

175 3711 350 3775 votis
396 3710 644 3775 cunctis
690 3719 757 3773 et
800 3710 1068 3777 actibus.

177 3877 285 3945 Ex
330 3879 455 3945 deo
501 3882 567 3944 in
611 3880 936 3961 miserias,
1351 3880 1434 3944 65

179 3984 326 4047 luce
371 3983 552 4045 venit
595 3983 662 4045 in
705 3984 1044 4064 tenebras,

177 4108 330 4172 quse
375 4088 459 4152 ad
506 4088 614 4153 dei
654 4089 1000 4171 imaginem

176 4192 358 4259 facta
401 4199 469 4256 et
512 4190 1000 4255 similitudinem.

177 4354 343 4422 Illuc
387 4352 473 4417 sit
515 4352 660 4436 ejus
703 4351 948 4415 reditus
962 4397 981 4431 ,

178 4454 356 4523 unde
399 4455 604 4538 ipsius
650 4451 890 4532 exitus,
1350 4450 1435 4514 70

179 4563 380 4627 beata
424 4560 537 4641 sit,
583 4574 714 4620 non
757 4556 1016 4637 misera,

178 4661 399 4731 lucida
444 4662 554 4745 sit,
599 4677 733 4728 non
775 4658 1015 4727 nubila.

2664 290 2795 366 313

1534 483 1945 551 Recordetur
1990 485 2258 569 originis

1535 607 1675 653 suae
1718 589 1947 672 primae
1992 589 2397 672 praenobilis,

1535 697 1609 755 ut
1652 708 1726 755 se
1768 689 2014 773 pudeat
2049 691 2285 757 vilibus
2705 690 2793 752 ⁴15

1534 794 1849 876 occupari
1888 794 2326 859 terrestribus.

1534 966 1863 1053 Spiritalis
1898 968 2153 1052 origine

1532 1069 1755 1134 divina
1798 1077 1901 1135 est
1944 1078 2011 1133 et
2053 1088 2299 1152 genere
2314 1117 2333 1151 ‚

1533 1171 1787 1236 factura
1830 1172 2226 1237 nobilissima

1533 1275 2049 1358 angelorumque
2092 1274 2292 1340 socia.
2702 1279 2789 1346 80

1533 1452 1745 1546 Homo
1791 1470 1985 1535 quam
2029 1452 2112 1517 sit
2150 1454 2553 1553 praenobilis,

1533 1562 1787 1620 statura
1831 1561 2147 1619 monstrat
2190 1559 2515 1640 corporis,

1533 1658 1646 1740 qui
1688 1663 1907 1720 rectus
1951 1663 2082 1720 stet
2124 1657 2431 1724 incedere

1535 1768 1758 1825 erecto
1805 1776 2057 1825 sursum
2102 1760 2334 1844 capite.

1534 1939 1657 2005 Est
1704 1941 1916 2005 lumen
1960 1940 2176 2005 vultus
2222 1942 2463 2007 domini
2702 1940 2789 2008 85

1535 2060 1657 2108 suo
1700 2044 2083 2128 Mpressum
2127 2045 2357 2127 vultui,
2486 2122 2491 2125 .

1534 2147 1765 2211 mentis
1803 2153 1873 2211 ut
1915 2147 1998 2211 sit
2044 2147 2299 2230 effigies

1535 2249 1692 2314 viva
1734 2248 2010 2313 hominis
2054 2249 2275 2315 facies.

1485 2468 1490 2473 ·
1533 2428 1800 2495 Interna
1843 2429 2164 2513 sapientia

1534 2533 1706 2598 facie
1752 2534 1927 2599 lucet
1972 2537 2055 2598 ab
2101 2540 2289 2597 extra
2304 2579 2322 2615 ,
2704 2534 2789 2599 90

1537 2655 1686 2719 quae
1732 2638 1917 2701 testis
1962 2646 2064 2702 est
2108 2635 2423 2718 exterius,

1537 2737 1731 2803 homo
1779 2740 2005 2824 qualis,
2032 2740 2319 2804 interiuS.

1536 2912 1657 2979 Est
1705 2931 1959 2996 quoque
2007 2914 2163 2979 thau
2207 2913 2471 2979 vivifico

1537 3016 1880 3097 insignitus
1924 3016 2261 3097 signaculo
2280 3061 2298 3096 ‚

1535 3116 1822 3203 prodens
1841 3138 1961 3201 per
1978 3119 2124 3199 hoc,
2174 3115 2348 3199 quod
2362 3117 2668 3202 proprius
2708 3120 2789 3183 95

1535 3221 1621 3283 sit
1664 3220 1955 3286 crucifixi
1998 3220 2316 3285 servulus.
2418 3246 2423 3251 ·

1538 3399 1937 3463 Praesentem
1983 3417 2165 3464 mens
2211 3399 2530 3467 dominica

1540 3512 1876 3586 comparet
1919 3502 2006 3567 ad
2046 3504 2416 3587 praeterita,

1538 3614 1801 3689 penset,
1849 3613 2152 3689 quantum
2194 3606 2581 3690 profecerit,

1540 3714 1846 3790 quantum
1892 3724 2148 3789 quoque
2194 3705 2529 3772 defecerit.
2666 3708 2792 3771 100

1541 3881 1721 3946 Mala
1766 3879 2096 3945 detestans
2145 3887 2378 3945 caveat
2391 3925 2409 3959 ,

1542 3987 1716 4048 bona
1766 4000 2035 4045 servare
2080 3980 2339 4044 studeat

1543 4084 2017 4163 instantemque
2065 4076 2538 4145 hebdomadam

1543 4204 1781 4251 novam
1824 4192 2008 4268 putet
2050 4182 2352 4247 militiam.

1539 4347 1769 4415 Intime
1814 4364 2074 4430 quoque
2118 4343 2430 4427 gaudeat,
2670 4345 2795 4410 105

1544 4450 1721 4534 quod
1768 4448 1983 4515 adhuc
2027 4454 2279 4532 tempus
2324 4447 2594 4532 habeat,

1541 4552 1911 4639 profectum
1953 4569 2151 4635 posse
2196 4552 2419 4618 facere

1545 4663 1680 4723 tam
1722 4656 1957 4741 gratiae
2006 4673 2199 4739 quam
2239 4655 2493 4740 gloriae.
2574 4756 2579 4762 ι
