3159 5259
342 321 490 392 ⁸22

545 508 615 565 V.
650 509 736 565 82.
805 506 1075 564 fumosus.
1137 507 1423 565 Ascendet
1473 499 1659 561 fumus
1703 504 1975 561 tormenti
2019 517 2213 561 eorum
2259 505 2319 560 in
2365 506 2578 561 meula
2625 504 3010 562 ambrum.

354 595 587 657 anselm
624 598 771 652 Cant.
804 595 1051 652 meditat.
1086 598 1138 665 1,
1174 598 1261 650 ts.

537 684 607 739 V.
642 684 728 739 87.
763 684 849 739 88.
902 681 978 754 μὴ
1014 680 1261 738 τοιοῦτον
1296 673 1433 737 εἶναι
1465 684 1694 752 νομίσῃς
1728 677 1790 735 τὸ
1819 676 1932 754 πῦρ
1948 696 1963 711 ·
2028 677 2189 735 τοῦτο
2224 680 2323 751 μὲν
2357 677 2499 754 γὰρ,
2535 676 2676 752 ὅπερ
2712 675 2783 734 ὁ
2817 676 2989 752 λάβῃ)

354 775 663 831 κατέκαυσε
702 775 793 827 καὶ
828 767 1164 841 ἀπήλλαξεν,
1231 768 1398 825 ἐκεῖνο
1434 767 1498 823 δὲ
1532 767 1664 830 τοὺς
1700 763 1853 832 ἅπαξ
1886 768 2335 835 κατασχεθέντας
2369 770 2511 821 καίει
2551 764 2856 828 διαπαντὸς
2893 770 2994 822 καὶ

358 859 634 918 οὐδέποτε
667 856 914 913 παύεται.
987 858 1240 928 Chryaost.
1275 856 1349 911 ad
1385 854 1665 910 Theodor.
1702 856 1752 923 1,
1789 856 1838 908 9.

547 946 616 1002 V.
651 947 735 1001 94.
787 945 915 1002 lsai.
952 946 1035 1010 13,
1070 944 1120 998 8.
1179 940 1360 997 facies
1407 942 1717 998 combustae
1769 941 1960 997 vultu·
2008 956 2219 997 eorum.
2297 939 2666 1011 Ueberhaupt
2710 939 3006 995 beziehen

360 1032 497 1091 nich
530 1032 623 1088 die
658 1030 839 1085 Verso
875 1029 1152 1086 89—100
1186 1025 1294 1084 auf
1311 1029 1481 1101 jone·
1517 1023 1751 1099 Kapitel
1787 1027 1884 1082 des
1919 1027 2110 1083 lsaias.

857 1331 1029 1406 300.
1097 1330 1216 1401 De
1263 1354 1571 1429 superna
1622 1328 2095 1402 Jherusalem.
2170 1328 2493 1429 hymnus.

627 1547 747 1616 Ad
788 1551 1098 1635 perennis
1138 1551 1299 1614 vitae
1338 1549 1584 1614 fontem
1627 1568 1809 1615 mens
1853 1549 1989 1613 sitit
2029 1567 2202 1614 nunc
2246 1548 2462 1630 arida,

633 1653 923 1720 claustra
967 1655 1182 1719 carnis
1228 1661 1475 1738 praesto
1521 1654 1740 1737 frangi
1783 1655 2007 1720 clausa
2051 1653 2284 1735 quaerit
2327 1653 2568 1734 anima,

633 1759 883 1842 gliscit,
929 1761 1158 1841 ambit,
1200 1758 1523 1825 eluctatur
1566 1759 1721 1823 exul
1762 1758 1891 1823 frui
1933 1758 2165 1842 patria.

632 1913 802 1980 Dum
843 1917 1172 1999 pressuris
1218 1936 1298 1983 ac
1338 1919 1645 1984 aerumnis
1689 1935 1761 1982 se
1806 1917 2007 1999 gemit
2051 1916 2394 1982 obnoxiam
2413 1963 2432 1998 ‚

635 2035 829 2099 quam
874 2020 1113 2100 amisit,
1159 2018 1308 2084 dum
1353 2019 1652 2103 deliquit,
1697 2019 2171 2102 contemplatur
2211 2020 2517 2103 gloriam,
2955 2023 3006 2084 5

630 2138 930 2205 praesens
974 2120 1211 2186 malum
1257 2129 1454 2205 auget
1496 2123 1653 2188 boni
1692 2122 1933 2206 perditi
1973 2124 2364 2189 memoriam.

624 2282 798 2349 Nam
847 2285 990 2368 quis
1034 2295 1319 2372 promat,
1365 2301 1630 2353 summae
1672 2289 1858 2373 pacis
1902 2296 2145 2371 quanta
2188 2289 2271 2353 sit
2304 2289 2562 2372 laetitia,

633 2388 749 2453 ubi
791 2388 961 2453 vivis
1006 2390 1374 2473 margaritis
1420 2399 1695 2474 surgunt
1739 2390 2044 2475 aedificia,

632 2509 799 2556 auro
845 2493 1027 2559 celsa
1069 2496 1310 2561 micant
1353 2504 1561 2578 tecta,
1605 2495 1862 2560 radiant
1906 2491 2237 2562 triclinia?

634 2643 812 2715 Solis
859 2649 1129 2733 gemmis
1171 2649 1475 2734 pretiosis
1519 2650 1629 2716 hic
1672 2658 1998 2716 structura
2041 2651 2347 2734 nectitur,
2421 2617 2428 2624 Ι
2509 2634 2516 2642 ’
2635 2733 2650 2746 ·
2909 2655 3004 2718 1o

637 2772 799 2818 auro
844 2751 1083 2817 mundo
1128 2761 1434 2836 tanquam
1479 2755 1653 2819 vitro
1698 2756 1876 2821 urbis
1918 2756 2044 2837 via,
2074 2756 2408 2836 sternitur,

635 2857 826 2921 abest
868 2856 1089 2939 limus,
1134 2856 1321 2921 deest
1363 2855 1571 2940 fimus,
1617 2859 1761 2924 lues
1803 2858 1984 2923 nulla
2019 2859 2319 2924 cernitur.

629 3015 856 3084 Hiems
900 3015 1196 3102 horrens,
1244 3028 1446 3084 aestus
1491 3028 1748 3086 torrens
1795 3019 1929 3085 illic
1971 3039 2296 3104 nunquam
2341 3021 2633 3106 saeviunt,

632 3119 759 3188 flos
807 3139 1176 3208 purpureus
1219 3142 1518 3189 rosarum
1561 3144 1683 3188 ver
1730 3123 1868 3206 agit
1910 3133 2294 3208 perpetuum
2313 3172 2331 3206 ,

633 3226 916 3293 candent
959 3227 1095 3291 lilia
1114 3274 1132 3310 ‚
1177 3228 1466 3293 rubescit
1506 3245 1778 3308 crocus,
1825 3228 2017 3293 sudat
2059 3228 2434 3293 balsamum.
2912 3238 3004 3301 15

626 3385 862 3455 Virent
904 3397 1128 3474 prata,
1172 3397 1450 3454 vernant
1493 3396 1669 3469 sata,
1713 3385 1934 3452 favum
1977 3381 2187 3452 mellis
2231 3387 2533 3474 influunt,

627 3491 1109 3574 pig-mentorum
1152 3492 1360 3576 spirat
1403 3490 1569 3556 odor
1612 3491 1824 3572 liqwr
1869 3497 1936 3555 et
1978 3498 2368 3574 aromatum,

628 3592 920 3678 pendent
962 3612 1157 3676 poma
1200 3593 1575 3660 floridorum
1619 3611 1748 3659 non
1791 3594 2059 3677 lapsura
2099 3613 2450 3660 nemorum.

632 3754 785 3821 Non
830 3755 1111 3820 alternat
1152 3755 1305 3821 luna
1349 3757 1529 3821 vices
1574 3758 1675 3822 sol
1718 3758 1830 3823 vel
1874 3777 2104 3825 cursus
2148 3760 2464 3844 siderum,

630 3877 845 3942 agnus
888 3867 992 3923 est
1034 3858 1244 3924 felicis
1286 3859 1466 3924 urbis
1509 3860 1725 3925 lumen
1768 3861 2183 3945 inoccidium,
2264 3925 2278 3937 ,
2917 3872 3012 3936 20

629 3980 767 4028 nox
812 3970 882 4027 et
925 3970 1177 4046 tempus
1223 3961 1474 4047 desunt,
1520 3984 1732 4029 aevum
1778 3965 1945 4029 diem
1989 3966 2119 4031 fert
2161 3968 2544 4032 continuum.

629 4124 800 4193 Nam
845 4135 913 4192 et
957 4129 1162 4193 sancti
1209 4129 1444 4213 quique
1487 4129 1671 4193 velut
1713 4129 1814 4193 sol
1857 4129 2217 4213 praeclarus
2261 4132 2556 4216 rutilant,

626 4237 784 4315 post
827 4231 1216 4315 triumphum
1261 4234 1555 4298 coronati
1600 4241 1818 4297 mutuo
1865 4232 2265 4318 conjubilant

632 4342 705 4401 et
745 4338 1060 4421 prostrati
1102 4357 1357 4421 pugnas
1401 4338 1609 4403 hostis
1645 4339 1785 4423 jam
1831 4340 2047 4404 securi
2088 4347 2443 4405 numerant.

630 4497 820 4565 Omni
865 4501 1016 4566 labe
1061 4498 1361 4565 defaecati
1406 4499 1620 4565 carnis
1666 4501 1843 4566 bella
1885 4502 2213 4587 nesciunt,
2923 4509 3026 4573 2⁵

628 4622 788 4670 caro
835 4604 1010 4670 facta
1056 4603 1363 4686 spiritalis
1409 4611 1476 4668 et
1517 4622 1701 4668 mens
1746 4625 1934 4670 unum
1980 4605 2248 4689 faciunt,

614 4727 797 4790 pace
840 4709 1041 4774 multa
1082 4708 1495 4795 perfruentes
1540 4710 1855 4780 scandala
1899 4731 2031 4780 non
2076 4710 2438 4801 perferunt.
