3159 5259
177 469 249 528 ut
290 462 640 546 reprobus,
700 478 829 525 non
876 460 1122 526 electus
1544 463 1696 544 quia
1739 479 1865 546 pro
1909 471 1975 529 te
2021 466 2375 553 cruciatus,
2437 495 2445 505 ·
2558 456 2579 507 ·’
2760 549 2765 555 ,

263 566 332 631 in
376 564 580 630 oculis
625 564 985 645 hominum;
1631 571 1701 629 tu
1744 566 2012 647 quitatis
2058 566 2293 634 debitis
2311 620 2328 655 ,
2530 586 2535 589 ’
2710 572 2804 642 60

264 666 333 732 id
377 667 572 731 homo
616 683 740 750 pro
786 674 851 730 te
897 674 1118 731 totum.
1542 673 1611 729 et
1655 667 1806 748 quia
1851 667 2287 755 glorificatus,

1630 772 1966 835 coronaris
2010 774 2327 858 praemiis3

176 819 307 886 Pro
352 828 418 884 te
462 818 696 904 pedes,
739 837 866 903 Pr⁰
910 827 975 883 ⁶⁴³
1020 838 1246 884 mam
1347 820 1431 881 ⁵⁰
1627 871 1785 955 quid
1828 873 2020 941 homo
2064 876 2220 942 mim
2264 897 2388 963 pro
2434 881 2591 947 msa

263 923 586 1005 perfossae
632 923 991 987 saevissime
1008 971 1025 1005 ‚

175 1027 379 1110 spinis
425 1033 650 1109 caput,
697 1043 853 1088 ense
900 1026 1072 1090 latus

263 1128 671 1194 vulneratum
713 1130 942 1214 impie,

175 1230 461 1315 felleque
504 1249 629 1315 pro
675 1240 741 1296 te
784 1238 1077 1314 potatuS,
1119 1312 1124 1318 ⁴

266 1333 613 1399 crucifixus
657 1332 973 1414 undique3
1350 1333 1432 1394 55

1541 1055 1596 1122 Ο
1643 1061 1880 1125 caritas
1928 1062 2251 1149 inaudita,
2755 1102 2799 1151 ᾗ

1627 1176 1667 1223 ο
1713 1162 2034 1244 stupenda
2076 1166 2290 1249 pietas
2610 1152 2617 1161 ’
2714 1162 2801 1245 65

1543 1258 1898 1345 deitatique
1942 1265 2121 1330 nnita
2490 1308 2495 1311 ·
2778 1258 2787 1267 ¹

1624 1382 1771 1428 mea
1816 1366 1912 1432 sic
1955 1366 2349 1452 humanitaS,

265 1438 363 1502 ⁸¹⁰
406 1436 600 1501 homo
645 1435 845 1500 dilexi
889 1443 972 1499 ‘0-
1539 1465 1692 1532 hino
1735 1469 1849 1533 tibi
1892 1470 1977 1534 sit
2022 1470 2273 1537 infinita

180 1570 347 1651 Quia
387 1590 511 1656 pro
557 1580 624 1637 te
668 1591 920 1656 pauper
964 1578 1185 1655 natus,
1626 1568 1800 1652 laus,
1845 1571 2186 1658 majestas,
2233 1576 2531 1662 claritas,
2564 1612 2570 1617 ·

268 1682 339 1739 tu
384 1674 609 1738 ditaris
647 1674 918 1755 meritis,
1627 1691 1669 1736 ο
1712 1675 1908 1739 beata
1952 1678 2230 1742 trinitas!
2696 1682 2793 1747 ‘w

363 1854 457 1909 ns.
494 1871 565 1909 zu
597 1854 930 1923 Karlsruhe,
967 1810 1114 1910 ohne
1151 1855 1427 1909 Nummer.
1466 1856 1545 1907 15.
1584 1853 1778 1909 Jahrb.
1815 1856 1914 1910 mit
1950 1856 2050 1912 der
2083 1858 2345 1918 Melodie.

361 1993 434 2046 60
468 1994 734 2049 comtaris
771 1992 808 2049 f.
847 1995 1099 2065 quitaris,
1134 1995 1246 2063 lls,
1285 1994 1404 2049 dies
1440 1994 1586 2049 habe
1622 1994 1711 2048 ich
1748 2000 1985 2066 gesetzt,
2020 1998 2158 2053 weil
2193 2016 2256 2055 es
2283 2001 2430 2057 auch
2453 2003 2558 2060 No.
2576 2004 2701 2075 266,
2719 2005 2797 2061 3⁵

169 2081 345 2151 steht,
382 2080 633 2177 welches
668 2080 803 2137 Lied
839 2081 1310 2137 wahrscheinlich
1342 2097 1459 2138 von
1494 2081 1815 2137 demselben
1851 2081 2153 2141 Verfasser
2186 2088 2279 2142 ist.

358 2221 423 2276 V.
462 2225 492 2275 1
529 2220 626 2293 fig.
679 2223 878 2279 Nonne
912 2227 1140 2278 vestras
1176 2237 1368 2278 omnes
1401 2220 1630 2291 suscepi
1661 2220 1947 2293 injurias?
2003 2237 2189 2277 nonne
2225 2238 2434 2296 corpus
2467 2238 2650 2283 meum
2683 2230 2798 2300 pro

181 2308 353 2363 vobis
402 2309 626 2365 obtuli?
696 2326 881 2365 nonne
929 2316 1169 2367 mortem
1214 2308 1496 2381 appetivi,
1561 2308 1711 2379 quod
1757 2325 1871 2365 non
1920 2315 2046 2364 erat
2092 2310 2402 2369 divinitatis
2448 2330 2624 2385 meoe,
2684 2315 2795 2373 sed

179 2402 394 2452 vestrae
453 2398 857 2455 redemtionis?
926 2399 1142 2454 haecine
1191 2395 1513 2452 referuntur
1560 2397 1809 2468 gratiae?
1878 2397 1987 2452 hoc
2034 2396 2280 2468 profecit
2328 2403 2558 2474 sanguis
2622 2417 2799 2475 meus,

181 2488 249 2539 nt
283 2500 371 2538 me
409 2484 574 2556 impie
612 2486 921 2559 negaretis,
959 2501 1067 2557 pro
1105 2484 1305 2556 quibus
1341 2484 1456 2540 ista
1490 2483 1769 2539 sustinui?
1839 2483 1898 2555 S.
1934 2486 2167 2541 Ambros.
2204 2486 2275 2541 de
2310 2484 2420 2543 fide
2454 2491 2632 2559 2,13.

360 2570 426 2626 V.
480 2574 529 2627 8.
566 2570 824 2643 abyssus.
878 2572 984 2626 Dei
1019 2570 1454 2643 magnitudinem
1489 2586 1655 2627 nemo
1692 2570 1873 2642 capit,
1909 2573 2268 2643 praesentiam
2301 2590 2468 2632 nemo
2504 2572 2668 2648 fugit,
2702 2592 2799 2637 soz

177 2663 395 2712 cretum
442 2674 605 2713 nemo
658 2658 899 2726 invenit,
964 2658 1321 2728 splendorem
1370 2658 1557 2714 nullus
1606 2658 1851 2729 attingit.
1923 2656 2165 2731 capreoli
2199 2662 2370 2733 episc.
2405 2664 2664 2736 rescript.
2700 2680 2798 2737 ap.

175 2746 438 2801 Sirmond.
478 2761 607 2817 opp.
645 2744 694 2814 1,
728 2748 850 2799 217.

185 2856 186 2859 ¹
358 2831 424 2884 V.
461 2833 508 2885 9.
563 2832 743 2886 Homo
794 2847 829 2884 a
867 2845 932 2884 se
965 2825 1095 2884 fieri
1129 2844 1242 2884 non
1279 2829 1494 2899 potnit,
1548 2842 1652 2882 nec
1687 2829 1888 2884 beatus
1923 2826 2048 2886 fieri
2083 2848 2119 2887 a
2155 2850 2217 2888 se
2253 2839 2472 2905 potest3
2544 2836 2661 2892 alia
2692 2824 2797 2895 red

177 2934 307 2973 eum
343 2915 480 2972 fecit
515 2917 819 2985 hominem,
857 2916 1010 2987 quod
1044 2932 1158 2971 non
1193 2917 1318 2986 ipse
1355 2920 1442 2971 est
1476 2914 1674 2970 homo:
1724 2914 1839 2970 alia
1874 2933 1968 2972 res
2004 2935 2130 2974 eum
2164 2918 2389 2977 factura
2423 2927 2515 2978 est
2546 2924 2797 2994 beatum,

182 3004 335 3076 quod
367 3021 483 3059 non
519 3009 609 3060 est
644 3004 766 3075 ipse
803 3004 990 3059 homo.
1061 3004 1325 3073 Anyustm.
1363 3002 1432 3056 de
1469 3000 1689 3071 discipl.
1725 3001 1915 3058 christ.
1951 3006 1999 3059 6.

356 3091 424 3147 V.
463 3094 530 3145 17
563 3088 658 3163 fig.
728 3089 867 3163 μετὰ
914 3088 1009 3161 τὴν
1055 3085 1320 3159 τοσαύτην
1369 3086 1655 3164 παρακοήν
1671 3129 1688 3155 ,
1750 3088 1888 3160 μετὰ
1933 3092 2175 3147 τοσαῦτα
2229 3091 2628 3170 αμαρτήματα,
2690 3093 2787 3153 ὅτε

177 3178 370 3237 πᾶσαν
416 3182 651 3248 κατέσχε
702 3177 796 3249 τὴν
844 3180 1160 3249 οἰκουμένην
1211 3172 1247 3250 ἦ
1300 3174 1396 3248 τῆς
1449 3172 1725 3252 ἁμαρτίας
1779 3182 2059 3253 τυραννὶς,
2123 3179 2213 3236 ὅτε
2260 3180 2355 3251 τὴν
2402 3180 2638 3253 ἐσχάτην
2672 3182 2799 3261 &aij

179 3265 376 3324 δοῦναι
412 3268 561 3338 δίκην
596 3266 787 3323 λοιπὸν
823 3270 911 3322 καὶ
948 3263 1269 3321 ἀπολέσθαι
1304 3263 1579 3330 παντελῶς
1613 3286 1704 3320 και
1732 3261 2014 3338 ἀνώνυμον
2041 3264 2149 3323 τῶν
2174 3264 2493 3344 ἀνθρώπων
2519 3272 2797 3347 γενέσθαι

181 3358 370 3429 γένος,
433 3352 554 3411 τότε
589 3353 685 3427 τὴν
719 3359 975 3430 μεγίστην
1012 3356 1139 3428 περὶ
1173 3350 1322 3425 ἡμᾶς
1358 3351 1673 3428 εὐεργεσίαν
1708 3353 2021 3421 ἐπεδείξατο
2041 3396 2058 3421 ,
2110 3354 2250 3433 ὑπὲρ
2288 3354 2396 3413 τῶν
2431 3354 2665 3434 ἐχθροῖν
2699 3352 2797 3414 καὶ

182 3436 698 3516 ἀπηλλοτριωμένων
737 3445 828 3496 καὶ
854 3439 1159 3513 μισούντων
1187 3437 1350 3496 αὐτὸν
1375 3444 1466 3496 καὶ
1493 3437 1987 3516 ἀποστρεφομένων
2012 3441 2104 3499 τὸν
2129 3442 2397 3518 μονογενῆ
2430 3442 2797 3516 κατασφάξας

180 3527 274 3584 τὸν
311 3528 506 3584 ἑαυτοῦ
541 3532 633 3584 καὶ
672 3528 768 3584 διὰ
801 3525 993 3584 τούτον
1028 3526 1126 3599 τὴν
1161 3526 1306 3603 πρὸς
1342 3524 1506 3583 αὐτὸν
1540 3527 1884 3601 καταλλαγὴν
1920 3528 2299 3606 ἐργασαμενος
2334 3529 2479 3605 ἡμῖν.
2536 3524 2798 3604 chrysost!

183 3617 258 3673 ad
293 3617 504 3689 Stagir.
551 3621 598 3686 1,
639 3620 688 3672 5.

361 3704 426 3758 V.
462 3706 551 3759 29.
601 3703 953 3777 Angelorum
992 3703 1224 3774 spiritus
1260 3704 1474 3759 idcirco
1511 3702 1978 3760 irremissibiliter
1998 3711 2417 3776 peccaverunt,
2465 3706 2598 3776 quia
2632 3706 2799 3760 tanto

182 3792 475 3848 robustius
511 3798 666 3847 stare
701 3797 998 3863 poterant,
1054 3797 1264 3863 quanto
1302 3807 1405 3846 eos
1442 3790 1632 3846 carnis
1668 3791 1939 3851 admixtio
1975 3807 2091 3847 ιιοιι
2126 3794 2382 3848 tenebat:
2447 3791 2617 3846 homo
2651 3805 2799 3846 vero

181 3881 397 3938 idcirco
433 3888 567 3953 post
603 3883 823 3955 culpam
857 3883 1091 3959 veniam,
1113 3882 1344 3951 meruit,
1383 3881 1516 3952 quia
1550 3897 1656 3953 per
1692 3882 1923 3937 carnale
1958 3895 2165 3948 corpus
2202 3875 2430 3948 aliquid,
2466 3890 2580 3946 quo
2617 3879 2801 3932 semet

185 3968 313 4039 ipso
361 3968 544 4024 minor
580 3976 758 4039 esset,
817 3971 1049 4041 accepit.
1104 3971 1324 4040 Greqor.
1364 3970 1434 4024 M.
1471 3969 1672 4024 moral.
1710 3972 1761 4038 9,
1801 3971 1888 4024 76.
1974 3965 2247 4022 Diabolus
2283 3965 2404 4018 sine
2439 3963 2609 4017 venia
2643 3964 2799 4019 (Ιιιιιιό

185 4059 353 4110 natus
390 4061 492 4125 est,
531 4057 662 4126 quia
696 4072 932 4127 magnus
971 4055 1091 4111 sine
1130 4055 1551 4126 comparatione
1590 4053 1778 4110 fuerat
1813 4060 2052 4109 creatus.
2087 4052 2236 4106 Idem
2271 4050 2345 4103 ib.
2379 4050 2466 4117 32,
2494 4051 2579 4103 47.
2651 4048 2801 4116 Quia

183 4140 366 4195 minus
413 4147 753 4211 peccaverat
799 4141 969 4198 homo
1018 4157 1181 4211 quam
1218 4141 1509 4209 diabolus,
1571 4141 1632 4196 id
1667 4141 1848 4211 ipsum
1882 4141 1936 4195 ei
1970 4138 2154 4194 valuit
2187 4136 2261 4192 ad
2294 4134 2669 4205 reparandam
2703 4149 2803 4191 sa·

182 4226 375 4297 lutem,
413 4226 565 4298 quod
599 4227 842 4298 principi
876 4229 1047 4302 hujus
1083 4229 1300 4298 mundi,
1336 4228 1447 4283 hoc
1482 4233 1573 4285 est
1606 4228 1848 4299 principi
1884 4227 2126 4299 omnium
2158 4228 2522 4297 peccatorum
2557 4225 2616 4274 et
2648 4234 2803 4293 proe-

184 4313 384 4385 posito
437 4314 637 4369 mortis
653 4355 667 4383 ,
723 4332 900 4387 usque
955 4314 1030 4371 ad
1081 4315 1483 4372 mortalitatem
1538 4315 1726 4371 carnis
1779 4314 2034 4370 addictus
2089 4316 2189 4366 est.
2270 4312 2531 4380 Auyustm.
2582 4307 2656 4363 de
2699 4307 2801 4377 lib.

186 4400 354 4457 arbit.
390 4404 444 4472 3,
479 4403 564 4456 29.
628 4402 686 4458 S.
723 4403 827 4459 No.
864 4405 987 4472 262,
1023 4406 1144 4458 337.

364 4488 434 4543 V.
478 4490 564 4543 33.
612 4491 699 4544 34.
767 4490 876 4561 ἐπὶΙ
915 4492 1190 4564 συντελείᾳ
1242 4489 1350 4547 τῶν
1401 4486 1615 4546 αἰώνων
1666 4487 1731 4545 τὸ
1784 4483 2035 4564 Χριστοῦ
2086 4482 2299 4547 πάθος.
2399 4483 2618 4553 Greyor.
2668 4480 2807 4537 Naz.

187 4589 276 4634 or.
311 4577 395 4634 42.
431 4593 485 4646 p.
520 4577 642 4632 687.

370 4663 435 4720 V.
473 4666 558 4720 55.
610 4664 801 4724 Daher
836 4665 985 4725 wird
1022 4666 1113 4725 die
1152 4662 1403 4730 ἑκούσιος
1437 4661 1753 4743 σταύρωσις
1786 4660 2101 4721 manchmal
2133 4660 2411 4718 erwahnt.
2460 4658 2629 4716 Triod.
2654 4654 2727 4729 x,
2753 4653 2813 4710 δὲ
