3159 5259
160 396 563 468 Annorum
602 399 777 465 hunc
813 417 938 485 per
978 400 1177 469 millia
1573 398 1794 467 Omnis
1837 401 1905 466 in
1946 419 2081 483 me,
2126 399 2453 484 inquiens,

167 503 565 568 multorum
605 510 914 586 torquens
955 523 1181 590 poena,
1571 503 1846 569 credens
1889 510 2159 568 mortem
2201 503 2288 569 sit
2327 501 2615 572 evadens
2628 551 2650 592 ‚

166 605 487 672 tandem
529 606 691 671 deus
732 607 1009 672 omium
1568 607 1770 671 vitam
1812 614 1880 671 et
1919 613 2301 692 perpetuam

172 711 535 776 miserans
579 729 784 794 genus
828 710 1190 778 humanum.
1568 710 1664 774 illi
1705 711 2079 792 perenniter
2120 710 2391 777 tradm.

170 873 269 942 In
322 874 468 939 fine
508 891 785 957 namque
824 875 1051 941 saeculi
1379 877 1469 941 25
1567 871 1744 941 Ecce
1788 872 2020 956 credo,
2065 872 2360 958 domine,

174 978 551 1046 constituit
596 978 920 1043 incarnari
1569 984 1874 1061 quantum
1919 976 2154 1063 donas,
2197 998 2369 1047 nunc
2409 979 2480 1046 in
2518 988 2621 1067 te,

174 1101 406 1149 suum
447 1091 662 1147 natum
704 1082 989 1165 unicum,
1569 1100 1739 1165 auge
1784 1081 1978 1147 fidem
2021 1090 2090 1149 tu
2133 1085 2202 1147 in
2244 1103 2380 1170 me,

174 1186 435 1254 lumen
479 1186 563 1251 de
606 1187 840 1252 lumine
883 1203 1128 1268 verum,
1566 1185 1703 1248 vita
1743 1186 1990 1270 perfrui
2033 1187 2206 1254 dona
2246 1207 2369 1254 me.

180 1348 335 1429 Qui
384 1349 706 1414 hominem
748 1348 1099 1413 redimeret
1568 1343 1898 1412 Sacerdos
1939 1355 2012 1413 ut
2051 1347 2540 1418 Melchisedech

180 1461 268 1519 et
318 1453 633 1538 paradiso
676 1453 1018 1535 redderet,
1379 1451 1467 1516 30
1569 1449 1779 1514 crucis
1820 1449 1887 1514 in
1930 1448 2047 1514 ara
2089 1450 2304 1520 hostia

180 1558 391 1624 unde
435 1566 538 1623 est
579 1559 860 1643 ejectam,
1565 1571 1690 1636 pro
1733 1553 1921 1619 nobis
1961 1556 2134 1638 patri
2176 1555 2389 1619 factm
2432 1571 2539 1639 es,

183 1679 240 1726 a
291 1669 608 1744 serpente
653 1679 796 1725 cum
840 1659 1171 1744 deceptus.
1564 1660 1636 1723 ut
1677 1674 1794 1725 nos
1836 1678 1880 1726 a
1919 1665 2118 1727 morte
2158 1661 2419 1727 tolleres.

189 1821 343 1891 Hic
388 1822 548 1888 dens
588 1821 656 1885 in
696 1820 1014 1905 principio
1564 1821 1850 1889 Peccata
1890 1845 2035 1892 mea
2080 1828 2403 1910 poenioens

188 1927 491 1991 verbum
531 1926 763 1989 mansit
806 1943 950 1990 cum
994 1923 1151 2007 deo,
1564 1925 1683 1990 tibi
1726 1924 1981 1992 Christe
2025 1928 2376 1995 confiteor:

186 2046 339 2115 pro
384 2029 571 2093 nobis
612 2029 1013 2112 incarnatus,
1376 2026 1463 2089 35
1564 2029 1839 2110 peccavi
1882 2028 2056 2112 quod
2099 2031 2437 2116 operibus,

188 2153 334 2218 per
381 2152 567 2224 quem
612 2141 714 2198 est
755 2133 947 2197 homo
993 2130 1302 2197 salvatus.
1563 2132 1785 2195 verbis
1830 2138 1897 2195 et
1939 2133 2326 2216 cogitatibus
2339 2181 2360 2216 ,

188 2316 381 2385 Huic
425 2316 638 2383 cuncti
679 2314 1183 2401 proclamemus:
1248 2319 1253 2322 ’
1565 2311 1783 2377 Oculis
1797 2359 1816 2394 ‚
1860 2329 1975 2376 ore
1988 2360 2006 2395 ,
2050 2314 2343 2379 manibus
2356 2362 2376 2398 ,

194 2422 473 2488 Christe
516 2420 698 2503 Jesu,
741 2420 927 2485 nobis
970 2421 1117 2504 pins
1563 2418 1824 2482 auribus
1868 2425 2061 2500 atque
2104 2417 2412 2503 pedibus3

192 2527 297 2592 sis
316 2576 333 2610 ,
382 2527 663 2591 clemens
706 2525 773 2589 in
806 2523 1059 2610 judicio
1562 2519 1664 2584 his
1709 2522 1986 2604 quinque
2031 2521 2191 2584 meis
2235 2522 2531 2589 sensibus

192 2637 324 2696 tuo
371 2627 531 2693 deus
575 2629 942 2693 novissimo.
1373 2624 1459 2688 40
1562 2622 1733 2686 mala
1776 2624 2008 2707 peregi
2052 2624 2308 2708 saepins.

192 2808 297 2879 Et
344 2828 473 2892 ego
518 2809 688 2872 votis
733 2808 1025 2872 omnibns
1558 2809 1781 2895 Luxu,
1825 2810 2085 2876 incestis
2129 2812 2408 2878 motibus

200 2910 412 2978 laudo
428 2958 446 2993 ,
494 2909 697 2973 adoro
739 2911 1074 2994 precibus3
1562 2923 1632 2980 et
1673 2915 2200 2980 fornicationibus
2215 2963 2234 2997 ,

196 3004 443 3080 vocem
491 3010 912 3076 confessionis
1561 3018 1691 3100 ira,
1735 3018 1943 3082 livore
1961 3064 1979 3100 ,
2025 3018 2174 3081 odio

200 3118 449 3185 exandi
491 3135 656 3181 meae
700 3114 1000 3181 dicentis:
1564 3139 1645 3188 ac
1687 3121 1912 3206 pravis
1951 3121 2405 3188 voluntatibus,

200 3298 374 3367 Jesu
416 3297 677 3363 Christe
720 3298 1007 3382 domine,
1372 3298 1459 3363 45
1562 3304 1806 3374 Multos
1849 3303 2054 3368 fefelli
2095 3303 2365 3388 saepius,

203 3405 429 3471 mnndi
472 3406 763 3469 salvator
808 3407 1045 3489 optime
1058 3452 1077 3489 ,
1561 3410 1747 3473 malis
1791 3409 2313 3491 persuasionibus

204 3508 414 3574 credo
463 3516 529 3572 et
573 3509 889 3575 confiteor
1561 3530 1810 3576 mecum
1852 3530 2132 3596 peccare
2176 3511 2490 3596 suadens,

200 3613 418 3696 patris
462 3612 572 3677 dei
614 3621 681 3677 te
724 3612 952 3697 filium,
1561 3617 1708 3682 neci
1743 3616 1931 3682 simul
1964 3618 2144 3703 ipsos
2181 3615 2464 3684 tradens.

199 3790 409 3879 Ejus,
456 3795 563 3877 qui
608 3801 674 3858 et
717 3794 1087 3877 voluntate,
1559 3795 1893 3882 Magistris
1937 3795 2337 3881 inobedienS,

206 3903 608 3979 cooperante
652 3903 1027 3981 pneumate,
1100 3973 1109 3980 .
1372 3896 1458 3960 50
1561 3902 1808 3967 eunctis
1852 3902 1947 3967 fui
1988 3903 2366 3988 impatiens,

206 3999 403 4064 homo
445 4000 655 4066 faetus
699 4001 955 4083 virgine
1558 4003 1896 4068 reddendo
1939 4021 2069 4069 non
2113 4004 2428 4069 honorem

202 4104 297 4168 de
337 4113 543 4169 matre
586 4108 725 4171 sine
764 4107 1022 4170 semine.
1558 4109 1936 4194 parentibus
1982 4116 2048 4173 et
2090 4108 2417 4173 fratribus.

34 4365 35 4370 Ἰ
206 4282 340 4349 Pro
383 4285 570 4350 nobis
611 4295 881 4352 mortem
923 4286 1209 4372 patiens,
1557 4288 1945 4373 MendaciiS,
1992 4287 2388 4374 obprobriis,

31 4375 71 4410 *‘
210 4392 361 4470 post
404 4393 539 4450 tres
584 4387 721 4451 dies
764 4406 1115 4473 resurgens
1555 4393 1743 4458 malis
1787 4390 2308 4476 detractionibus,

210 4493 539 4578 coelosque
584 4495 970 4581 ascendens,
1367 4498 1451 4562 55
1554 4498 1779 4565 verbis
1822 4485 2040 4580 ⁸vanis,
2074 4494 2326 4581 jocosis

213 4595 296 4660 ad
340 4598 634 4666 dextram
675 4603 879 4685 patris
923 4601 1231 4668 residens.
1556 4611 1626 4670 et
1669 4603 2209 4689 oblocutionibus,

2288 4703 2394 4777 3·

2728 1353 2824 1418 65

2726 1931 2820 1998 ’10

2728 2521 2816 2590 ’15

2721 3796 2814 3863 85

2721 4393 2810 4460 9⁰
