3159 5259
2718 355 2813 426 δί’

823 646 940 722 35.
1020 645 1137 718 Be
1200 645 1503 720 adventu
1547 645 1811 720 domini
1861 646 2182 750 hymnus,

202 852 375 920 Veni
415 851 568 917 veni
608 870 729 915 rex
773 850 1006 935 gloria

198 956 497 1039 educque
542 972 659 1021 nos
705 955 787 1020 de
842 974 1109 1021 carcere

196 1059 557 1126 mordentis
601 1058 1017 1125 conscientiae

196 1162 465 1228 dimisso
509 1171 741 1229 cuncto
787 1163 1069 1229 crimine.

198 1326 506 1406 Quamvis
552 1344 714 1390 vero
758 1324 1171 1407 instruxeris,
1407 1325 1450 1387 5

198 1431 466 1512 emeris,
512 1430 929 1513 liberaveris,

198 1534 357 1620 quid
399 1535 703 1620 prodest,
749 1534 815 1598 ni
859 1532 1164 1599 eduxeris

196 1657 323 1705 nos
368 1639 451 1704 de
495 1639 799 1724 squalore
845 1637 1126 1704 carceris
1142 1636 1180 1701 8

192 1802 322 1871 Est
364 1822 595 1869 carcer
634 1803 898 1868 multum
941 1799 1245 1870 horridus

194 1908 584 1972 tenebrosus
632 1925 711 1972 ac
753 1904 1050 1987 foetidus,
1365 1904 1448 1967 1o

195 2010 483 2095 impurus
527 2009 729 2076 omnis
773 2009 1021 2075 animus

192 2114 481 2180 criminis
525 2113 649 2178 sibi
691 2112 1004 2179 conscius.

192 2275 323 2343 Hic
367 2277 629 2342 multam
672 2276 801 2339 fert
846 2273 1186 2356 miseriam,
1268 2261 1273 2268 ⁴

194 2380 389 2464 panis
432 2380 587 2445 vitae
634 2380 1017 2461 carentiam,

196 2505 390 2567 aquae
433 2484 606 2549 vivae
649 2484 1014 2568 penuriam,
1362 2481 1447 2543 15
1486 2517 1497 2528 ·

192 2609 381 2655 verae
425 2588 586 2655 lucis
630 2589 927 2684 inopiam.

190 2743 439 2817 Verine
481 2751 709 2814 mentis
758 2748 1150 2831 corroditur,
1188 2825 1194 2832 ι

194 2856 410 2940 culpae
457 2855 755 2919 foetorem
798 2854 1071 2937 patitur,

190 2958 392 3026 luxus
439 2957 674 3022 affectu
717 2957 951 3036 uritur,
987 2942 995 2950 ¹

190 3067 409 3128 aetus
454 3058 700 3140 frigore
742 3055 1098 3138 stringitur.
1361 3053 1445 3116 20

196 3223 328 3290 Tot
369 3221 671 3297 tormidat
713 3219 1057 3306 supplicia,

196 3335 360 3410 quot
401 3325 808 3409 perpetravit
851 3323 1123 3405 scelera,

194 3432 351 3495 hinc
392 3432 810 3493 instrumenta
854 3428 1041 3493 varia

194 3535 326 3600 sibi
372 3542 596 3598 assunt
640 3532 938 3618 poenalia.

194 3701 351 3767 Jam
387 3700 526 3784 jam
570 3700 889 3783 gehennae
935 3696 1239 3779 traditus,
1366 3696 1451 3758 25

194 3814 269 3871 ut
313 3805 735 3869 inflammetur
779 3804 1066 3887 ignibuS,

196 3910 294 3974 sic
339 3909 548 3992 culpae
600 3908 830 3972 vivens
878 3906 1121 3972 animus
1184 3921 1195 3929 ·

188 4014 523 4100 ηιιιηιειίειιῐιιι*
568 4015 915 4080 timoribus

190 4167 567 4247 Poena-sibi
610 4179 993 4262 gravissima
1116 4237 1119 4240 .

188 4291 297 4347 est
341 4282 517 4346 foeda
562 4281 981 4364 conscientia,
1357 4279 1442 4344 30

186 4405 345 4450 nam
391 4392 709 4451 tormenta
752 4395 1039 4451 tartarea

74 4503 89 4518 ‘
186 4491 323 4554 scit
361 4509 485 4555 sua
525 4491 667 4554 fore
710 4492 992 4575 praemia.

186 4652 360 4722 Haeo
402 4658 866 4740 quis·unquam
911 4657 1251 4741 evaderet,

191 4758 263 4824 ni
307 4757 466 4825 deus
510 4761 704 4826 homo
748 4758 937 4825 fieret

1553 849 2006 937 hominemque
2047 852 2400 921 redimeret
2720 859 2812 924 85

1554 973 1636 1019 ac
1679 953 1762 1019 de
1807 955 2012 1039 culpis
2058 954 2364 1022 educeret
2377 956 2415 1021 ἲ

1552 1118 1788 1184 Omnes
1834 1119 2026 1206 culpa
2071 1122 2497 1207 concipimur,

1551 1224 1903 1288 enutrimur
1947 1242 2028 1290 ac
2070 1226 2411 1310 nascimur,

1550 1325 1770 1390 mundi
1813 1329 1895 1392 ab
1946 1326 2076 1392 hac
2117 1327 2479 1413 educimur,

1550 1430 1610 1494 si
1653 1427 1784 1495 fide
1834 1429 1960 1495 deo
1996 1429 2348 1515 jungimur.

1551 1593 1646 1659 'l'e
1659 1643 1679 1677 ,
1725 1595 2078 1660 fabricator
2123 1596 2365 1680 mouli,

1548 1701 1776 1784 praebe
1820 1707 2210 1784 praesentem
2255 1697 2529 1784 homini,

1550 1801 1800 1867 donans
1843 1803 2115 1869 formam
2157 1803 2455 1886 remedii,

1551 1925 1680 1993 quo
1736 1907 2151 1974 subtrahatur
2193 1909 2462 1974 carceri.

2710 1433 2804 1502 m

1546 2071 1650 2139 Da
1691 2072 1909 2154 nobis,
1951 2071 2100 2136 fons
2142 2069 2500 2156 munditiae,
2705 2069 2800 2135 45

1548 2176 1825 2240 nitorem
1869 2175 2313 2258 conscientiae,

1547 2288 1620 2346 ut
1662 2281 1728 2344 in
1774 2300 1854 2344 ea
1899 2287 1967 2344 tu
2013 2277 2236 2343 sedule

1548 2384 1838 2467 digneris
1881 2383 2313 2466 requiescere.

1546 2546 1760 2615 Aufer
1806 2546 2106 2630 quodque
2153 2541 2558 2612 obstaculum

1544 2653 1717 2716 inter
1760 2666 1880 2713 nos
1923 2657 1994 2713 et
2037 2656 2102 2712 te
2143 2647 2455 2729 medium,
2712 2635 2800 2707 5⁰

1546 2762 1619 2818 ut
1664 2753 1779 2816 tibi
1829 2751 2263 2816 habitaculum

1551 2857 1636 2921 sit
1688 2874 1801 2921 cor
1845 2862 2131 2920 nostrum
2178 2852 2626 2938 gratissimum.

1548 3023 1748 3089 Priva
1793 3037 1912 3082 nos
1955 3017 2352 3101 ignorantia,

1553 3145 1700 3209 quae
1744 3124 1913 3187 mala
1958 3122 2150 3186 docet
2193 3120 2499 3204 plurima,

1555 3230 1852 3311 donaque
1896 3244 2016 3290 nos
2061 3221 2329 3289 scientia
2715 3217 2804 3281 55

1553 3333 1816 3414 horum,
1861 3349 2006 3414 quae
2052 3336 2199 3394 sunt
2242 3326 2441 3394 utilia.

1556 3497 1730 3565 Cura
1774 3497 1928 3563 mali
1971 3495 2397 3582 pruriginem,

1551 3600 1871 3689 peccandi
1916 3597 2472 3679 consuetudinem,

1552 3706 1760 3771 reduc
1805 3713 1977 3769 tuam
2019 3702 2362 3784 imaginem

1551 3813 1620 3876 in
1664 3811 1947 3876 nativam
1990 3806 2323 3889 originem.

1553 3974 1863 4039 Transfer
1903 3972 2022 4036 irae
2067 3971 2148 4035 de
2197 3968 2345 4033 filiis

1545 4096 1667 4143 nos
1709 4078 1775 4140 in
1821 4076 1990 4140 filios
2033 4074 2320 4155 luminis,

1547 4184 1657 4270 qui
1701 4183 1790 4246 tui
1835 4199 2049 4246 sumus
2096 4177 2400 4258 nominis,

1545 4286 1741 4349 simus
1765 4281 1854 4348 'et
1897 4283 2050 4346 vitae
2096 4279 2418 4364 simplicis.
2481 4283 2488 4292 '

1543 4445 1934 4530 Exstirpatis
1981 4444 2342 4510 defectibus
2573 4457 2580 4466 ¹
2710 4436 2798 4503 65

1544 4574 1627 4620 ac
1670 4550 2033 4617 reformatis
2076 4549 2322 4614 viribus

1534 4675 1724 4722 mens
1770 4655 2002 4720 divinis
2045 4655 2390 4720 virtutibus

1540 4768 1898 4826 renovetur
1940 4758 2312 4845 perfectius,
2341 4854 2385 4899 ι

2280 4861 2329 4926 4
