3159 5259
364 296 496 363 3⁴8

361 486 563 565 Jesu,
611 481 758 547 coeli
800 479 1151 562 mediator,

367 584 749 667 magnificus
795 581 1227 665 triumphator
1241 629 1258 664 ‚

453 685 789 749 ordinator
823 683 1165 766 temporie,

366 808 489 872 per
532 795 597 851 te
643 806 905 869 semper
949 786 1379 868 consolemur,

368 893 452 957 ab
496 889 792 955 hostibus
835 889 1188 953 liberemur

453 994 684 1059 mentis
729 999 927 1073 atque
971 992 1285 1075 corporis.

369 1205 567 1286 Jesu,
613 1223 809 1269 verus
854 1201 1206 1284 samarita,

371 1307 570 1392 alpha
615 1314 683 1371 et
718 1330 803 1389 ω,
850 1307 1057 1389 881118,
1102 1308 1273 1388 vita,

455 1431 592 1494 pax
636 1420 704 1475 et
749 1410 940 1476 dator
981 1412 1233 1494 veniae,

373 1534 498 1600 per
532 1524 600 1579 te
642 1532 883 1598 precor
923 1516 1086 1577 meis
1128 1516 1346 1598 malis,

367 1638 454 1685 ne
487 1638 601 1682 me
647 1617 846 1682 laedat
887 1618 1223 1683 infernalis

460 1722 784 1788 cruciatus
827 1721 1120 1786 maliciae.

366 1935 561 2017 38811,
607 1935 809 2019 lapsis
853 1944 1202 2018 reparator
1223 1982 1243 2017 ,

371 2046 600 2103 auctor
641 2039 822 2122 pacis
869 2047 935 2103 et
981 2046 1233 2102 amator
1247 2084 1265 2120 ,

456 2141 703 2222 lumen,
745 2142 885 2223 via,
929 2142 1205 2222 veritaS,

371 2241 608 2307 exaudi
651 2263 757 2307 me
801 2242 1294 2326 deprecantem,

370 2345 629 2429 suscipe
672 2366 775 2410 me
821 2346 1261 2428 fluctuantem,

454 2447 649 2529 38811,
698 2448 810 2531 pia
854 2449 1111 2513 caritas.

370 2659 533 2726 38811
577 2662 685 2745 pie
709 2709 726 2742 ,
774 2663 883 2742 qui
927 2663 1219 2726 laborem

372 2763 750 2829 consideras
795 2773 864 2828 et
909 2764 1231 2846 dolorem,

459 2864 626 2930 educ
670 2886 771 2931 me
816 2866 899 2930 de
945 2884 1250 2948 carcere3

371 2988 528 3033 ecce
571 2989 675 3033 me
722 2970 838 3036 tibi
884 2971 1240 3051 committ0‚

367 3071 435 3135 in
475 3068 772 3137 Abrahae
817 3073 963 3136 sinu
1005 3071 1133 3136 cito

446 3174 610 3258 jube
653 3195 758 3238 me
803 3178 1116 3260 recipere.
1209 3248 1214 3253 ⁴

368 3387 534 3454 Jesu
581 3386 872 3471 Christe,
916 3409 1079 3453 vera
1123 3390 1307 3472 vitis,

357 3490 559 3572 -panis
602 3490 821 3569 vivus,
869 3509 1076 3570 agnus
1121 3492 1321 3571 mitis,

458 3598 530 3655 tu
574 3598 831 3655 creator
875 3591 1190 3675 siderum,

371 3701 448 3756 tu
491 3692 574 3756 de
618 3692 791 3755 valle
837 3697 1241 3777 paupertatis

371 3803 443 3860 et
486 3796 569 3860 de
616 3798 763 3862 lacu
810 3800 1119 3864 caecitatis

464 3903 723 3985 suscipe
765 3922 869 3967 me
912 3904 1231 3968 miserum.

373 4125 569 4208 Jesu,
613 4145 735 4189 rex
780 4123 1208 4204 exercituum,

377 4229 564 4292 salva
609 4248 711 4291 me
755 4226 1177 4289 miserrimum

463 4332 530 4394 in
577 4338 686 4394 tua
731 4329 1044 4409 essentia,

375 4452 586 4497 meum
630 4434 695 4495 in
743 4442 807 4495 te
852 4450 966 4497 cor
1011 4433 1301 4516 laetetur,

378 4539 776 4618 gubernetur
813 4544 878 4600 et
921 4537 1209 4600 salvetur

465 4647 576 4703 tua
615 4638 1046 4723 providentia.

1494 785 1625 849 340

1499 1413 1627 1476 345

1494 2038 1626 2103 350

1495 2662 1625 2725 355

1497 3178 1626 3240 360

1494 3801 1621 3865 365

1494 4435 1624 4499 370

1732 478 1809 546 ln
1853 486 1939 563 te,
1983 479 2181 562 38811,
2226 479 2620 565 meditabor,

1732 583 1918 648 vultu
1960 590 2073 647 tuo
2118 582 2408 647 satiabor

1817 686 1887 748 in
1933 685 2242 750 saeculum
2286 687 2541 751 saeculi:

1732 787 2077 853 consolare
2120 806 2223 850 me
2260 788 2621 871 lugentem,

1732 889 1989 955 custodi
2032 909 2136 969 me
2183 891 2604 972 poenitentem

1819 999 1890 1057 ut
1931 993 2247 1076 pupillam
2290 993 2479 1072 oculi,

2864 690 3003 753 375

1731 1204 1923 1286 Jesu,
1968 1204 2184 1268 lumen
2231 1204 2337 1269 dei
2382 1223 2640 1286 verum,

1733 1329 1888 1389 ave,
1936 1326 2174 1391 corpus
2222 1317 2289 1373 tu
2327 1309 2649 1372 sincerum

1818 1419 2062 1477 nostrae
2108 1431 2181 1475 es
2228 1413 2653 1493 substantiae3·

1730 1512 1905 1580 Adae
1950 1515 2235 1598 culpam,
2285 1533 2472 1595 quem
2517 1514 2892 1597 plasmasti,

1732 1626 1804 1683 tu
1845 1618 1912 1681 in
1957 1636 2153 1682 cruce
2198 1617 2523 1700 reparasti

1816 1720 2109 1802 pretioso
2153 1721 2486 1802 sanguine.

2866 1309 3004 1373 380

1731 1932 1914 2015 Jesu,
1958 1933 2238 1999 salvator
2279 1935 2516 2014 saeculi,
2856 1937 2989 2003 ³85

1733 2034 1818 2100 ad
1865 2044 1931 2100 te
1976 2037 2302 2120 suspirant
2347 2037 2607 2121 parvuli

1819 2149 2155 2222 gementes
2198 2149 2269 2204 et
2306 2141 2622 2207 dicentes:

1731 2242 1953 2324 nobiS,
1996 2242 2193 2327 38811,
2238 2244 2664 2327 psallentibus

1734 2344 1967 2407 assiste
2003 2346 2510 2429 postulantibus,

1821 2455 1889 2511 et
1932 2447 2049 2512 tibi
2092 2449 2474 2513 servientes.
2864 2451 2993 2517 390

1730 2658 1777 2725 J
1778 2678 1919 2741 esu,
1964 2660 2078 2723 lux
2121 2661 2284 2727 lucis
2331 2683 2556 2747 aurea,

1731 2779 1851 2825 nos
1898 2781 1938 2825 a
1980 2764 2268 2844 peccatis
2310 2764 2548 2846 libera,

1822 2867 2051 2947 quibus
2097 2874 2161 2930 te
2208 2867 2621 2949 offendimus3

1732 2969 1879 3033 haec
1920 2969 2034 3034 lux
2079 2989 2378 3036 serenum
2430 2973 2728 3038 conferat

1733 3081 1801 3137 et
1841 3093 2101 3157 poenam
2147 3075 2357 3157 culpae
2405 3076 2656 3139 auferat

1819 3176 2039 3256 nobis,
2086 3194 2277 3256 quam
2320 3177 2685 3241 meruimus.

2860 3077 2993 3141 395

1731 3389 1893 3456 38811
1935 3392 2107 3455 mitis
2149 3400 2215 3455 et
2259 3394 2573 3476 benigne,

1730 3512 1964 3558 nomen
2010 3501 2184 3558 tuum
2230 3503 2333 3558 est
2375 3497 2664 3579 insigne,

1819 3596 2007 3661 dulce
2053 3606 2119 3660 et
2155 3597 2544 3662 salvificum:

1729 3716 1940 3761 meum
1983 3718 2209 3762 verum
2255 3698 2335 3763 ad
2381 3700 2747 3782 profectum
2858 3705 2995 3769 400

1723 3801 1791 3864 in
1834 3808 1900 3864 te
1946 3802 2132 3865 trahe
2180 3811 2246 3867 et
2290 3803 2591 3866 affectum

1813 3910 2005 3987 atque
2052 3906 2158 3970 sac
2200 3905 2560 3989 pacificum.

1727 4124 1891 4191 38811
1936 4123 2226 4208 Christe,
2280 4127 2388 4191 fac
2432 4146 2534 4189 me
2582 4126 2855 4212 fortem,

1728 4235 1800 4293 ut
1842 4228 2119 4293 libenter
2160 4238 2336 4293 tuam
2381 4238 2648 4294 mortem

1814 4333 2154 4415 plangam,
2207 4332 2413 4398 donec
2456 4334 2721 4417 vixero3

1726 4443 1942 4500 tecum
1985 4436 2138 4500 volo
2182 4437 2545 4518 vulnerari,

1730 4546 1799 4603 te
1842 4538 2122 4603 libenter
2163 4540 2523 4622 amplexari

1818 4641 1888 4704 in
1930 4659 2123 4707 cruce
2168 4641 2488 4709 desidero.

2858 4340 2995 4409 405
