3159 5259
379 679 553 755 286.
636 680 753 751 De
807 678 1369 751 consideratione
1421 676 1844 752 multimodae
1893 679 2189 750 miseriae
2241 675 2582 752 humanae.
2662 676 2997 777 hymnus.

374 905 611 981 Mirum
654 913 787 986 est,
824 905 881 967 si
926 920 1054 969 non
1097 905 1351 986 lugeat,

374 1008 823 1094 experimento
869 1007 975 1089 qui
1023 1009 1277 1090 probat,

375 1110 551 1196 quod
595 1111 821 1173 vivere
866 1109 932 1172 in
977 1110 1220 1174 saeculo

372 1214 595 1300 labor,
642 1212 859 1294 dolor,
906 1211 1190 1278 afflictio.

374 1395 461 1466 Et
505 1399 798 1481 quamvis
838 1398 1019 1482 juste
1065 1399 1322 1482 vixerit,
1585 1402 1624 1463 5

372 1507 588 1565 tamen
632 1500 740 1565 hic
782 1501 1011 1564 vivens
1058 1518 1246 1564 nemo
1293 1501 1447 1582 scit,

372 1622 459 1668 an
509 1603 782 1686 electus,
830 1624 912 1669 an
958 1606 1280 1685 reprobus

371 1726 416 1798 a
434 1749 443 1756 -
459 1706 585 1772 deo
633 1707 717 1771 sit
761 1706 1223 1790 praecognitus.

371 1893 520 1960 Heu
573 1895 725 1978 quid
771 1895 947 1960 aliud
980 1896 1206 1960 vivere

372 1997 440 2061 in
486 1997 680 2080 hujus
726 1999 946 2062 mundi
991 2016 1289 2079 carcere,
1544 1997 1625 2062 10

373 2118 568 2181 quam
617 2121 657 2164 a
704 2100 828 2164 deo
876 2100 1189 2165 recedere

370 2202 791 2285 peccatisque
837 2219 911 2265 se
958 2200 1235 2267 subdere
1257 2201 1293 2264 *Β

369 2386 538 2453 Nam
587 2390 769 2456 carni
812 2391 1195 2456 satisfacere
1216 2439 1232 2472 ,

371 2492 633 2556 curiosa
682 2500 995 2576 appetere

371 2613 670 2676 vaneque
716 2611 830 2657 cor
877 2593 1225 2675 extollere,
1544 2594 1625 2657 15

371 2702 519 2763 suet
564 2694 834 2760 mundus
882 2713 1035 2760 suos
1082 2695 1338 2761 docere.

371 2880 492 2950 Sic
534 2893 667 2949 tum
710 2887 916 2951 virtus
965 2886 1317 2969 deseritur,

370 2986 675 3070 iniquitas
721 2989 1086 3072 perficitur,

373 3098 604 3156 venter
648 3110 770 3176 pro
818 3093 942 3158 deo
966 3094 1250 3177 colitur,

373 3194 461 3259 ad
504 3203 730 3262 votum
780 3196 1018 3262 mundo
1064 3199 1320 3263 vivitur.
1542 3197 1625 3260 20

371 3383 518 3452 Heu
563 3384 719 3466 quid
763 3384 938 3449 aliud
982 3386 1208 3450 vivere

368 3487 449 3552 in
485 3485 676 3567 hujus
720 3485 940 3549 mundi
985 3505 1287 3568 carcere,

371 3607 566 3670 quam
609 3589 916 3651 inermem
961 3589 1261 3653 continue

370 3691 529 3758 belli
580 3698 754 3756 stare
797 3692 864 3755 in
915 3692 1109 3756 acie?

369 3875 537 3945 Nam
579 3878 896 3943 instanter
943 3878 1299 3962 confligere
1538 3878 1622 3941 25

371 3999 517 4046 cum
559 3998 831 4045 immicls
879 4000 1146 4062 ammae,

369 4102 600 4166 carne,
646 4084 884 4149 mundo
930 4103 1010 4149 ac
1054 4081 1378 4166 daemone,

369 4206 539 4253 nunc
582 4197 788 4253 totum
823 4188 988 4272 justi
1031 4188 1275 4250 vivere.

369 4373 479 4444 Ac
525 4384 755 4459 sponte
804 4394 1060 4442 crucem
1105 4376 1368 4458 tollere,

368 4474 567 4545 menti
614 4499 875 4545 carnem
923 4479 1248 4562 subjicere
1537 4479 1623 4544 30

1730 904 1800 969 in
1848 902 2102 986 deoque
2148 905 2514 985 quiescere,

1733 1004 1941 1069 cultus
1988 1004 2221 1069 suadet
2256 1006 2550 1089 J'ustitiae.

1729 1194 1874 1259 Heu
1922 1190 2075 1273 quid
2121 1190 2297 1256 aliud
2339 1192 2566 1256 vivere

1727 1297 1795 1361 in
1841 1294 2035 1378 hujus
2079 1293 2297 1358 mundi
2341 1313 2644 1375 carcere,

1730 1420 1924 1484 quam
1965 1400 2032 1462 in
2075 1415 2273 1463 sacco
2319 1405 2386 1461 et
2429 1397 2648 1462 cinere
2903 1396 2986 1458 35

1728 1521 1964 1587 panem
2009 1500 2254 1565 doloris
2301 1499 2548 1564 edere?

1727 1689 1874 1754 Heu
1916 1688 2072 1753 mihi
2118 1688 2382 1752 multum
2426 1687 2696 1768 misere,

1730 1810 1938 1874 caece,
1989 1790 2215 1872 surdo,
2262 1789 2525 1868 claude,
2575 1806 2781 1855 curvo
2797 1836 2816 1871 ,

1728 1910 1975 1976 egeno,
2021 1892 2226 1973 nude,
2273 1889 2613 1973 languide,

1730 1997 2032 2062 damnato
2077 1995 2144 2058 in
2190 1994 2421 2057 exilio!
2903 1991 2988 2055 4⁰

1729 2182 1874 2249 Heu
1917 2182 2106 2263 mihi,
2154 2181 2303 2263 quia
2349 2177 2569 2246 deficit

1729 2287 1867 2351 vita
1909 2306 2056 2352 mea
2100 2284 2436 2350 doloribus

1729 2396 1798 2453 et
1844 2389 2037 2452 animi
2079 2388 2425 2471 gemitibus
2445 2433 2462 2468 ‚

1728 2491 2064 2558 timoribus
2110 2499 2179 2555 et
2221 2490 2512 2555 fletibus!

1728 2680 1874 2747 Heu
1916 2677 2099 2760 mihi,
2145 2696 2295 2741 nam
2344 2693 2484 2740 sum
2528 2672 2823 2759 plurimis
2900 2673 2990 2737 45

1730 2782 2220 2848 circumcinctus
2267 2779 2542 2843 miseriis
2563 2826 2580 2860 ‚

1729 2886 2061 2969 corporis,
2108 2883 2358 2966 eordiS,
2404 2883 2702 2972 spiritus,
2779 2965 2786 2970 ·

1729 2998 1862 3054 tam
1907 2988 2134 3052 diebus
2181 3005 2370 3072 quam
2414 2985 2746 3051 noctibus!

1731 3175 1928 3242 Solus
1976 3178 2125 3260 sim,
2172 3195 2291 3241 seu
2336 3193 2481 3240 cum
2525 3174 2700 3258 aliis,

1731 3299 1958 3365 sanata,
2005 3281 2206 3346 tristis
2255 3298 2374 3343 seu
2417 3277 2674 3360 hilariS,
2895 3277 2987 3339 50

1731 3402 2015 3468 operans
2061 3401 2177 3446 seu
2223 3381 2468 3445 otiosus
2480 3428 2508 3462 ,‚

1732 3487 2034 3551 aerumnis
2084 3504 2224 3549 sum
2268 3482 2720 3548 circumdatus.

1731 3675 1877 3741 Heu
1922 3676 2050 3740 heu
2095 3675 2252 3757 heu,
2313 3693 2502 3756 quam
2545 3671 2894 3738 innumeris

1733 3779 2025 3845 cladibus
2071 3787 2140 3843 et
2181 3778 2456 3842 miseriis

1732 3881 1938 3945 omnis
1984 3880 2177 3943 homo
2223 3885 2290 3941 et
2334 3876 2625 3959 singulus
2897 3876 2986 3938 55

1731 3983 1839 4048 hic
1881 3983 2111 4046 vivens
2158 3988 2256 4045 est
2291 3979 2647 4045 involutus!

1730 4170 1873 4236 Duc
1916 4187 2069 4252 nos,
2115 4188 2156 4234 ο
2202 4189 2445 4236 summa
2487 4168 2775 4250 trinitas,

1734 4297 1936 4362 supra
1979 4276 2198 4342 mundi
2241 4278 2607 4360 angustia8‚

1731 4387 1803 4443 ut
1848 4380 1961 4445 tibi
2008 4379 2232 4445 demus
2275 4379 2524 4463 gratias

1732 4500 1878 4548 cum
1920 4485 2130 4548 beatis
2176 4491 2549 4567 perpetuas.
2907 4482 3004 4546 60

548 4657 643 4713 ns.
680 4671 752 4710 zu
787 4655 1098 4714 Karlsruhe
1139 4655 1284 4714 ohne
1321 4655 1604 4731 Nummer,
1644 4647 1720 4713 15‘
1743 4657 1940 4717 Jahrb,
1979 4659 2081 4714 mit
2116 4657 2215 4714 der
2248 4655 2511 4716 Melodie.
