3159 5259
2698 307 2830 371 2⁴9

203 494 513 562 Viatores
556 516 680 579 per
724 494 918 561 devia
1569 497 1678 563 ubi
1724 496 1902 562 nulla
1947 498 2237 580 tristitia,
2746 496 2864 563 45.

291 594 334 637 ¹*
377 595 568 679 (fehlt
619 597 650 661 1
707 595 915 679 Vers.)
1654 602 1766 665 ubi
1810 606 1961 683 post
2003 600 2174 665 hanc
2215 598 2537 665 miseriam

205 708 640 785 properantes
685 720 808 784 per
849 698 1029 763 invia
1569 708 1820 765 aeterna
1866 699 2099 765 dantur
2143 702 2413 785 praemia

295 801 497 867 ducas
542 801 631 865 ad
673 802 848 866 illam
893 800 1201 882 gloriam,
1658 812 1812 884 post
1857 801 2056 866 vitam
2099 803 2553 869 transitoriam.

385 977 479 1032 Hs.
513 993 584 1031 zu
617 976 999 1044 Lichtenthal,
1057 976 1126 1029 14
1159 975 1356 1030 Jahrh.
1432 975 1573 1032 Jede
1610 976 1861 1047 Strophe
1894 978 1996 1033 hat
2028 994 2134 1034 nur
2168 981 2203 1034 2
2239 978 2456 1049 Reime,
2492 978 2604 1034 und
2637 978 2825 1051 regel-

207 1064 423 1136 massis
459 1064 903 1137 Gegenstellung
939 1064 1042 1118 der
1076 1063 1394 1119 Gedanken.
1481 1116 1488 1121 .

387 1184 490 1238 Die
542 1184 636 1239 Hs.
683 1184 785 1241 hat
829 1184 1062 1239 manche
1109 1185 1329 1241 Fehler.
1419 1189 1448 1238 1
1486 1187 1603 1241 und
1637 1188 1672 1241 3
1721 1186 1847 1244 sind
1881 1204 1952 1242 zu
1985 1188 2159 1258 kurz,
2215 1189 2409 1260 jenem
2444 1188 2521 1242 ist
2554 1191 2708 1241 etwa
2743 1189 2823 1253 tu,

207 1271 420 1326 diesem
454 1275 519 1326 ut
552 1278 940 1327 vorzusetzen.
1010 1268 1112 1327 Die
1149 1274 1421 1329 Lesarten
1458 1273 1559 1329 der
1593 1275 1688 1330 Hs.
1725 1275 1876 1330 sind:
1918 1279 1948 1329 1
1988 1272 2350 1347 septiformis.
2420 1277 2456 1328 2
2491 1278 2745 1328 nostram
2779 1275 2820 1327 t.

203 1360 243 1414 3
297 1358 552 1413 imminis.
634 1361 670 1412 '7
723 1363 782 1413 te
835 1358 932 1414 dil.
1019 1360 1054 1413 9
1109 1359 1365 1415 internis.
1457 1363 1525 1415 10
1579 1362 1960 1418 concordiam.
2048 1365 2117 1417 13
2171 1361 2431 1417 externis.
2506 1362 2575 1414 16
2635 1373 2823 1429 supra.

210 1445 279 1500 18
314 1450 416 1500 est.
485 1445 561 1499 20
612 1449 671 1499 et
704 1444 744 1499 h
782 1477 844 1486 -
884 1447 1128 1516 ponitus.
1198 1451 1270 1502 27
1324 1446 1507 1504 tristis
1559 1446 1655 1503 fiir
1710 1449 1936 1505 Christi.
2006 1452 2079 1504 40
2130 1449 2396 1505 homines.
2467 1448 2538 1502 43
2584 1460 2824 1517 prospe-

205 1537 417 1588 rantes.
488 1533 558 1586 45
595 1530 835 1587 vulnera
870 1531 966 1588 fiir
999 1535 1170 1590 nulla.
1224 1536 1295 1589 46
1330 1540 1544 1606 praeter
1580 1533 1677 1590 fiir
1710 1540 1858 1607 post.
1898 1538 1971 1591 47
2007 1536 2172 1592 datur
2205 1541 2435 1591 aeterna.
2485 1535 2558 1590 48
2593 1538 2825 1605 praeter.

383 1651 453 1707 V.
487 1653 561 1707 20
596 1653 847 1708 erinnert
881 1669 954 1708 an
989 1655 1097 1710 No.
1134 1655 1256 1725 184,
1294 1658 1376 1710 17.

386 1737 453 1793 V.
488 1740 572 1794 35.
607 1740 693 1794 36.
764 1738 894 1811 Vgl.
930 1740 1035 1796 No.
1077 1742 1198 1812 105,
1235 1743 1284 1795 ’7.

711 2049 879 2125 191.
954 2051 1176 2124 Horae
1232 2052 1587 2122 canonicae
1642 2049 1729 2123 de
1782 2053 2032 2149 spiritu
2079 2060 2343 2123 sancto.

1233 2257 1334 2328 ad
1380 2258 1810 2329 matutinam.

725 2429 932 2496 Nobis
978 2430 1186 2495 sancti
1230 2430 1494 2514 spiritus
1539 2431 1752 2514 gratia
1796 2429 1880 2493 sit
1923 2428 2109 2509 data,

731 2535 818 2600 de
864 2554 994 2618 qua
1035 2536 1229 2618 virgo
1265 2536 1591 2618 virginum
1620 2528 1755 2600 *fuit
1799 2537 2213 2615 obumbrata,

733 2658 882 2703 cum
926 2658 1047 2721 per
1090 2647 1381 2703 sanctum
1426 2640 1732 2722 angelum
1776 2639 1894 2702 fuit
1940 2637 2254 2718 salutata,

733 2743 1007 2807 verbum
1052 2758 1209 2806 caro
1252 2742 1493 2806 factum
1539 2749 1657 2824 est,
1703 2742 1895 2824 virgo
1939 2739 2305 2805 fecundata.

1289 2931 1389 3001 ad
1430 2931 1752 3027 primam.

731 3074 1008 3157 Virgine
1054 3073 1137 3137 de
1182 3072 1318 3138 filia
1361 3080 1552 3157 pater
1595 3073 1715 3138 fuit
1759 3081 1983 3155 natuS,
2790 3079 2835 3140 5

668 3224 675 3229 -
733 3176 1112 3259 crucifiXuS,
1157 3183 1446 3240 mortuus
1492 3184 1688 3259 atque
1734 3175 2110 3256 tumulatus,

738 3298 1091 3363 resurgens
1138 3278 1467 3362 discipulis
1512 3279 1631 3342 fuit
1679 3279 2155 3341 demonstratus

734 3392 803 3449 et
848 3384 1008 3468 ipsis
1055 3382 1466 3447 cernentibus
1512 3381 1712 3446 caelos
1761 3381 2071 3446 elevatus,

1301 3580 1402 3650 ad
1454 3580 1745 3650 tertiam

739 3723 839 3787 De
886 3724 1052 3789 caelo
1097 3723 1449 3807 discipulos
1494 3724 1657 3787 deus
1703 3723 2020 3805 visitavit,

739 3845 926 3892 suum
971 3834 1264 3891 sanctum
1308 3827 1603 3909 spiritum
1647 3827 1741 3889 eis
1788 3827 2157 3910 delegavit,
2757 3827 2841 3891 10

737 3931 807 3994 in
853 3929 957 3993 die
1003 3936 1422 4011 pentecostes
1466 3929 1647 4011 ipsos
1693 3928 2128 4012 confirmavit,

743 4034 1074 4117 orphanos
1119 4033 1487 4114 relinquere
1530 4032 1711 4115 ipsos
1757 4032 2126 4115 denegavit.

1309 4227 1431 4301 ‚ad
1474 4234 1763 4297 sextam.

739 4373 1199 4460 Septiformem
1244 4373 1518 4457 gratiam
1564 4380 1717 4438 tunc
1761 4377 2299 4454 acceptaverunt,

746 4498 948 4561 quare
992 4478 1300 4543 idiomata
1344 4485 1575 4542 cuncta
1622 4481 2097 4558 cognoverunt,

746 4694 817 4755 et
859 4688 1058 4755 fidem
1100 4688 1486 4756 catholicam
1531 4695 1687 4754 tunc
1727 4686 2275 4771 praedicaverunt.

747 4581 834 4645 ad
881 4581 1143 4647 diversa
1187 4583 1447 4647 climata
1488 4579 1708 4644 mundi
1755 4583 2170 4643 recesserunt
2578 4602 2587 4611 ·
2763 4580 2847 4642 15
2946 4636 2951 4643 .
