3159 5259
2610 378 2613 382 Δ
2651 278 2786 343 119

170 462 398 530 Dulcis
440 462 636 548 Jesu,
681 463 772 529 nil
816 462 1098 548 dulcius,
1530 462 1754 529 Dulcis
1799 462 1994 543 Jesu,
2039 480 2141 527 me
2186 463 2478 549 respice,
2699 468 2786 533 65

165 569 264 633 nil
309 573 410 632 est
449 586 611 631 vere
645 565 993 650 jocundius
1012 613 1030 649 ,
1530 574 1752 631 votum
1796 566 1892 630 rei
1937 583 2067 630 non
2113 564 2377 650 despice
2396 615 2413 649 ,

170 690 368 755 quam
410 668 786 752 frequenter
822 669 1171 734 revolvere
1191 718 1209 753 ,
1343 670 1424 732 35
1533 671 1641 753 qui
1685 678 1857 735 totus
1905 689 1975 734 es
2019 671 2231 753 poenis
2276 670 2498 736 datus:

169 791 403 860 poenas
448 779 591 837 tuas
634 792 1042 856 percurrere.
1532 774 1738 839 clavis
1781 793 2005 839 manus
2025 823 2043 858 ,
2088 775 2289 858 plaga
2333 776 2504 841 latus

154 878 398 953 ‚mortis
441 885 571 942 tuae
616 876 925 941 memoria
1528 874 1722 942 foedis
1767 879 1972 962 sputis
2017 884 2117 942 est
2159 879 2417 961 illitum,

170 981 508 1066 pigmenta
551 979 751 1042 vincit
796 978 1036 1061 omnia,
1530 980 1734 1064 spinis
1780 988 1977 1063 caput
2020 987 2121 1044 est
2166 980 2469 1064 obsitum,
2700 984 2786 1051 ’10

174 1080 507 1164 myrrham
553 1088 619 1143 et
662 1078 840 1159 thuS,
888 1078 1382 1161 cinnamomum,
1530 1084 1746 1147 vultus
1793 1083 1998 1148 dulcis
2044 1085 2451 1169 conspuitur,

174 1184 470 1266 nardum,
503 1200 764 1249 crocum
788 1188 858 1246 et
881 1182 1253 1249 balsamum.
1343 1184 1427 1247 40
1533 1187 1770 1253 collum
1817 1187 2112 1271 colaphis
2160 1188 2447 1255 caeditur.

172 1368 397 1436 Dulcis
440 1368 633 1448 Jesu,
678 1366 834 1449 quid
876 1366 1182 1432 feceras?
1529 1364 1752 1431 Dulcis
1797 1365 1990 1447 Jesu,
2036 1365 2266 1435 doctor
2310 1368 2450 1451 pie,

172 1490 502 1554 nunquam
549 1489 803 1536 crucem
846 1462 1210 1554 merueras,
1531 1474 1791 1532 sanctus
1836 1468 2079 1550 liquor,
2132 1485 2243 1531 ros
2288 1473 2521 1552 gratiae

174 1576 353 1660 quod
394 1584 465 1641 tu
509 1576 662 1657 luis,
706 1592 827 1639 nos
869 1574 1169 1656 fecimus,
1528 1570 1713 1634 fluxit
1760 1570 1841 1633 de
1885 1578 1997 1635 tuo
2043 1572 2282 1656 latere,
2697 1578 2781 1642 75

173 1681 353 1765 quod
396 1689 464 1745 tu
509 1680 712 1760 bibis,
759 1697 879 1743 nos
922 1680 1305 1742 meruimus:
1530 1675 1715 1740 fluxit
1761 1676 1841 1740 de
1891 1684 2000 1741 tuo
2045 1678 2348 1763 vulnere,

174 1805 298 1852 nos
346 1805 430 1849 ex
472 1782 691 1849 Adam
736 1784 1132 1867 propagine,
1342 1783 1425 1846 45
1530 1780 1925 1844 remissionis
1967 1783 2281 1864 pretium,

66 1909 71 1913 ·
173 1900 249 1956 tu
296 1896 361 1954 te
406 1889 639 1974 pudica
684 1888 969 1970 virgine.
1529 1884 1910 1948 salvationis
1952 1889 2288 1969 praemium

172 2002 325 2059 ortu
372 2000 619 2056 reatum
666 1991 1005 2072 traximus,
1530 1987 1716 2052 fluxit
1763 1988 1842 2051 de
1890 1990 2014 2053 tuis
2059 1992 2350 2056 manibus
2363 2041 2381 2075 ,

174 2104 326 2160 ortu
370 2112 591 2158 manes
634 2093 1030 2174 purissimus.
1530 2091 1717 2156 fluxit
1762 2093 1844 2157 de
1889 2096 2014 2159 tuis
2058 2097 2349 2179 pedibus.
2698 2101 2786 2167 80

172 2275 398 2341 Dulcis
442 2274 632 2356 Jesu‚
678 2272 850 2355 quod
895 2273 1171 2355 pateris,
1354 2348 1361 2354 ‚
1531 2267 1753 2332 Dulcis
1797 2269 1992 2353 Jesu,
2039 2274 2146 2353 qui
2192 2272 2522 2359 prodituS,

174 2385 380 2442 totum
425 2377 545 2440 fuit
585 2393 708 2458 pro
754 2374 1035 2455 miseriS,
1346 2368 1428 2437 50
1535 2374 1645 2454 qui
1690 2380 1932 2437 tractus
1980 2394 2081 2456 es,
2131 2378 2240 2457 qui
2283 2378 2609 2460 vendituS,

174 2497 342 2563 quos
385 2477 452 2541 in
497 2477 755 2560 tyranni
800 2494 1069 2541 carcere
1534 2477 1643 2558 qui
1685 2497 1806 2561 per
1851 2478 2031 2542 zelus
2077 2481 2291 2562 gentis
2336 2481 2532 2547 trucis

172 2599 406 2665 poenas
451 2578 724 2642 videbas
768 2578 968 2641 luere.
1533 2597 1606 2642 es
1652 2578 1886 2643 affixus
1930 2580 2108 2662 ligno
2155 2583 2394 2648 crucis:

173 2692 243 2748 te
287 2701 418 2747 non
462 2703 676 2766 poenae
720 2681 1112 2764 necessitas,
1222 2754 1227 2759 ,
1533 2682 1642 2763 qui
1686 2684 2063 2749 vulneratus
2107 2688 2408 2771 cuspide,
2699 2694 2786 2758 85
2897 2682 2904 2691 ’

175 2787 299 2851 sed
343 2787 696 2869 gratiarum
741 2786 1015 2866 largitas
1534 2786 1643 2867 qui
1689 2786 1946 2851 clausus
1992 2808 2064 2854 es
2110 2793 2228 2856 sub
2273 2794 2523 2878 lapide,

181 2891 341 2956 fecit
382 2890 520 2973 pati
563 2888 955 2974 patibulum,
1348 2890 1428 2950 55
1535 2889 1644 2969 qui
1686 2890 1897 2955 victor
1944 2893 2084 2957 adis
2129 2895 2410 2977 aethera,

180 3004 449 3080 gustare
494 2995 718 3058 mortis
760 2993 1080 3077 poculum.
1534 2991 1794 3057 salvare
1839 3012 1959 3058 nos
2005 2999 2321 3062 accelera.

162 3176 403 3243 ‚Dulcis
445 3174 639 3260 Jesu,
685 3175 829 3258 quis
880 3175 1122 3238 referet
1534 3169 1755 3235 Dulcis
1798 3169 1992 3254 Jesu,
2036 3194 2314 3257 parcens
2359 3196 2507 3263 re0,

178 3282 382 3364 digno
432 3281 634 3364 stylo,
681 3281 824 3363 quis
864 3287 1121 3343 reseret
1330 3362 1337 3369 Ι
1533 3275 1703 3339 infer
1738 3276 1938 3360 jubar
1982 3278 2164 3342 cordi
2207 3299 2385 3365 meo,
2699 3288 2784 3355 90

179 3386 346 3451 tanti
385 3384 538 3449 boni
576 3382 999 3466 dulcedinem,
1536 3381 1645 3462 qui
1687 3400 1790 3443 me
1836 3399 2066 3446 cruore
2111 3402 2304 3448 roseo

179 3488 361 3573 quod
404 3486 479 3550 fit
521 3507 642 3571 per
686 3507 880 3550 unum
921 3485 1290 3550 bominem?
1348 3487 1431 3551 60
1536 3485 1734 3549 lotum
1781 3486 2108 3552 redemisti
2153 3489 2297 3555 deo.

177 3593 397 3657 nullus
438 3591 617 3673 loqui
663 3589 1021 3673 sufficeret,
1538 3585 1764 3652 Virtus
1808 3590 2009 3672 patri,
2054 3591 2198 3683 laus
2242 3595 2496 3676 genite,

178 3715 308 3763 nec
351 3714 533 3761 mens
575 3695 856 3760 humana
899 3694 1206 3777 disseret,
1540 3702 1767 3756 sancto
1813 3693 2010 3758 decus
2054 3698 2405 3780 paraclitO,

181 3820 376 3883 quam
422 3801 504 3863 sit
545 3800 739 3884 pium,
786 3799 958 3882 quod
999 3801 1258 3883 toleraS,
1540 3797 1625 3859 sit
1667 3798 1823 3861 solis
1869 3799 2071 3863 tribus
2118 3801 2332 3883 gloria
2704 3804 2789 3868 95

183 3904 300 3985 qui
342 3909 612 3966 mortem
656 3912 865 3966 morte
911 3920 1200 3985 superas.
1538 3916 1661 3982 per
1699 3901 1876 3966 secla
1920 3911 2112 3967 metae
2156 3905 2394 3970 nescia.

361 4123 741 4180 Reichenauer
786 4126 881 4182 Hs.
934 4125 1040 4180 No.
1074 4126 1161 4179 36.
1213 4123 1299 4181 Bl.
1336 4124 1455 4177 165.
1510 4121 1948 4179 iiberschrieben
1996 4125 2217 4181 Jubilus
2262 4127 2313 4181 b.
2349 4125 2664 4181 Bernhardi
2719 4126 2791 4184 de

180 4226 336 4283 pass.
373 4217 475 4267 etc.
544 4212 717 4268 Einen
745 4215 965 4287 jubilus
1002 4214 1154 4269 kann
1198 4228 1328 4268 man
1375 4211 1515 4267 aber
1563 4211 1663 4266 das
1700 4211 1934 4268 Gedicht
1969 4214 2088 4269 wol
2126 4214 2281 4269 nicht
2314 4214 2551 4269 heissen.
2622 4215 2794 4275 steht

177 4299 340 4355 nicht
374 4299 432 4355 in
469 4300 574 4356 den
608 4302 866 4358 Werken
902 4304 1001 4360 des
1037 4302 1089 4358 h.
1126 4300 1466 4373 BernhardS,
1499 4317 1658 4355 ware
1693 4301 1834 4357 aber
1869 4302 2057 4358 seiner
2090 4302 2327 4375 wiirdig.

363 4450 450 4519 13,
487 4451 557 4503 14
592 4449 716 4504 sind
748 4452 893 4506 nach
930 4451 1052 4506 dem
1085 4448 1245 4506 Reim
1279 4450 1391 4506 und
1423 4450 1719 4505 Versmass
1753 4448 2047 4505 vielleicht
2083 4467 2149 4505 so
2185 4450 2588 4507 herzustellen:
2626 4455 2795 4528 cujus

181 4552 324 4594 caro
362 4542 453 4593 est
486 4535 789 4607 ferculum,
854 4544 914 4593 et
946 4539 1178 4611 sanguis
1213 4554 1392 4593 meum
1426 4538 1700 4609 poculum.
1771 4538 1842 4592 28
1877 4553 2147 4608 passurus
2182 4539 2304 4610 Hs,
2358 4556 2482 4595 was
2518 4542 2797 4612 geandert

178 4624 416 4683 werden
462 4630 690 4681 maeste.
757 4625 910 4680 Aber
962 4628 1107 4681 auch
1158 4624 1256 4683 fur
1303 4627 1496 4696 sunere
1540 4624 1741 4680 πῦιιᾱο
1788 4626 1986 4682 besser
2033 4642 2272 4698 corpore.
2371 4628 2442 4683 44
2479 4628 2654 4685 bleibt
2685 4643 2796 4686 nos

178 4712 403 4783 stelles,
441 4713 621 4789 so'ist
654 4712 953 4771 meruimus
989 4712 1307 4789 dreisylbig
1340 4731 1411 4772 zu
1446 4714 1616 4771 lesen.
1683 4714 1752 4769 53
1788 4729 1972 4786 poenae
2007 4711 2153 4789 fehlt
2183 4716 2245 4774 in
2285 4715 2387 4772 der
2420 4716 2514 4773 Hs.
2567 4718 2638 4772 55
2673 4717 2806 4789 pass:
