3159 5259
2605 279 2692 344 41

254 462 328 518 V.
363 464 449 518 37.
502 478 703 534 passus
751 466 852 518 est.
913 463 1030 520 Das
1076 457 1407 536 freiwillige
1441 461 1650 519 Leiden
1684 462 1896 521 Christi
1944 462 2191 519 driicken
2225 462 2318 518 die
2351 463 2587 522 Henaen
2620 476 2694 520 ιο

32 566 199 608 aas:
246 548 396 614 θεὸς
433 546 508 605 ὤν
544 546 795 622 ἀπαθὴς,
829 553 994 626 σαρκὶ
1027 552 1238 605 παθεῖν
1271 550 1342 604 δι’
1379 544 1526 621 ἡμᾶς
1563 548 1823 612 ἑκουσίως
1856 549 2141 617 κατεδέξω.
2196 549 2326 608 Mai.
2362 554 2412 607 ⁷.

254 640 327 696 V.
363 641 448 694 45.
503 640 688 708 Quare
736 638 993 695 salvator
1040 638 1221 694 dictus
1268 641 1357 693 est
1389 636 1606 705 mundi,
1671 636 1781 690 nisi
1815 641 1878 692 ut
1912 636 2099 693 salvet
2131 637 2417 707 mundum,
2479 653 2594 693 non
2627 639 2696 693 ut

28 729 295 804 judicet
343 727 644 784 mundum?
698 727 912 783 salvari
944 743 1060 784 non
1093 725 1183 781 vis
1218 725 1292 782 ab
1326 725 1483 796 ipso,
1537 739 1609 778 ex
1643 728 1701 779 te
1728 723 2099 796 judicaberis.
2154 725 2359 796 Anqust.
2395 725 2455 780 in
2491 739 2698 798 evang.

40 819 201 876 Joh.
241 820 299 886 3,
341 820 423 872 12.
460 818 494 883 s
530 818 613 871 12.

251 903 323 958 V.
362 904 434 958 66
448 935 510 945 -
527 904 596 959 68
631 902 901 958 beziehen
937 902 1059 958 sich
1092 897 1200 958 auf
1226 900 1317 956 die
1350 899 1569 972 Jiinger
1605 914 1676 954 zu
1710 895 1926 954 Emaus.

969 1220 1098 1294 29.
1169 1219 1288 1292 De
1331 1219 1474 1290 vita
1529 1215 1813 1290 Christi.

44 1390 358 1471 Quando
402 1391 610 1456 noctis
653 1389 933 1457 medium

46 1497 323 1561 factum
370 1503 469 1559 est
513 1495 866 1578 silentium,

50 1598 358 1682 virginis
402 1598 468 1660 in
512 1598 828 1680 gremium

49 1702 251 1768 misit
297 1701 460 1765 deus
505 1701 707 1765 filium

51 1804 162 1872 ad
210 1802 488 1867 salutem
531 1801 835 1885 gentium.

48 1966 343 2034 Laudet
387 1966 576 2030 deum
620 1985 809 2031 omne
855 1983 964 2049 os,

62 2067 235 2152 quia
280 2075 468 2151 patet
509 2085 685 2131 nova
730 2067 886 2151 d08,

62 2173 161 2238 de
213 2171 478 2235 excelso
526 2171 698 2236 cadit
741 2188 853 2234 ros

66 2285 144 2342 et
192 2276 260 2339 in
304 2283 481 2340 terra
525 2276 763 2341 crescit
808 2275 966 2359 1108,

70 2381 273 2466 cujus
317 2380 480 2446 odor
527 2389 714 2445 sanat
757 2398 895 2445 nos.

72 2543 210 2610 Hic
251 2553 577 2609 mutantur
620 2545 870 2609 foedera

76 2656 154 2713 et
201 2655 449 2712 naturae
496 2666 732 2733 opera,

75 2753 278 2833 virgo
324 2751 398 2815 fit
439 2772 797 2836 puerpera,

81 2854 278 2938 eujus
323 2863 505 2918 casta
548 2855 807 2918 viscera

80 2958 204 3040 pia
247 2963 507 3036 gestant
551 2972 769 3019 onera.

86 3119 270 3187 Deus
314 3118 507 3182 homo
553 3118 868 3201 nascitur,

88 3222 322 3307 pannis
366 3221 477 3285 lux
520 3221 900 3303 involvitur,

91 3325 239 3389 laus
280 3325 344 3386 in
393 3323 574 3387 coelis
620 3324 901 3404 canitur,

94 3426 329 3492 mundo
372 3426 546 3491 salus
593 3426 795 3489 oritur

94 3540 163 3597 et
209 3551 334 3615 pax
378 3532 570 3595 terris
615 3529 923 3595 redditur.

100 3696 201 3762 De
242 3697 424 3779 virga
466 3696 764 3780 procedit
806 3715 939 3760 nux

104 3808 171 3865 et
215 3799 294 3862 de
334 3800 519 3863 stella
562 3820 723 3865 vera
767 3800 909 3883 lux,

106 3925 193 3968 ex
232 3902 535 3987 Aegypto
580 3922 789 3969 novus
835 3904 997 3988 dux,

109 4007 287 4090 cujus
328 4016 649 4091 sceptrum
694 4016 875 4072 extat
920 4026 1108 4091 crux,

108 4132 226 4195 per
271 4131 449 4194 quem
493 4114 623 4177 ruit
667 4113 772 4177 leo
817 4122 984 4177 trux.

116 4275 493 4341 Monstratm·
535 4277 602 4341 in
644 4276 1028 4344 Bethlehem

68 4457 71 4466 ,
116 4379 399 4463 princeps
443 4379 525 4444 de
570 4381 935 4448 Jerusalem
954 4432 973 4468 ,

75 4473 97 4494 ‘
122 4483 355 4568 Joseph
394 4487 564 4570 perit
606 4488 673 4551 in
718 4487 998 4574 Sichem,

125 4594 189 4651 ut
229 4599 605 4655 consummet
647 4610 883 4657 novam
925 4612 1110 4679 spem

74 4755 77 4810 i
126 4694 426 4777 operando
458 4699 760 4762 'nostram
801 4716 959 4763 rem.

1257 2379 1337 2442 10

1260 2954 1339 3016 15

1194 3511 1342 3594 '20

1258 4115 1344 4178 25

1258 4698 1345 4765 30

1440 1388 1539 1455 Ibi
1581 1406 1808 1471 regem
1853 1384 1936 1448 de
1981 1381 2143 1448 Sion

1441 1492 1821 1577 expavescit
1864 1511 1985 1555 rex
2027 1487 2243 1556 Amen
2253 1537 2274 1574 ,

1438 1595 1532 1661 ibi
1574 1595 1790 1659 tremit
1830 1593 2132 1678 Babylon
2147 1642 2166 1678 ,

1443 1698 1594 1781 quia
1635 1706 1860 1763 noster
1903 1695 2218 1762 Salomon

1442 1809 1792 1869 coronatur
1833 1802 1901 1865 in
1946 1800 2149 1865 Geon.

1441 1969 1539 2034 lbi
1586 1987 1746 2034 crux
1793 1969 2096 2051 erigitur,

1440 2073 1620 2156 ligno
1667 2072 1826 2136 deus
1871 2071 2124 2155 figitur,

1441 2177 1579 2239 vita
1621 2175 1857 2240 victrix
1901 2173 2193 2256 ungitur,

1443 2287 1672 2344 auctor
1716 2277 1940 2343 mortis
1983 2276 2283 2359 moritur,

1442 2391 1650 2448 morte
1696 2399 1872 2446 mors
1918 2379 2287 2443 destruitur.

1442 2548 1602 2614 Post
1646 2566 1949 2614 occasum
1991 2544 2236 2610 funeris

1443 2651 1614 2717 redit
1657 2653 1758 2717 sol
1801 2653 1885 2716 ab
1929 2650 2184 2732 inferiS,

1446 2756 1665 2820 dotem
1709 2754 1870 2822 clari
1911 2754 2200 2819 muneris·

1445 2877 1568 2944 pro
1612 2858 1915 2924 mercede
1959 2858 2179 2941 operis

1444 2969 1876 3047 repraesentat
1918 2960 2191 3044 superis.

1447 3123 1545 3188 lbi
1590 3140 1787 3206 super
1831 3119 2078 3183 aethera

1445 3226 1651 3312 patris
1696 3232 1796 3288 est
1838 3224 1902 3287 in
1950 3222 2261 3303 dextera,

1446 3339 1634 3395 natus
1678 3329 1849 3414 patri
1892 3326 2193 3408 vulnera,

1450 3443 1604 3499 nato
1649 3441 1854 3497 mater
1899 3438 2128 3498 tenera

1450 3539 1540 3608 ibi
1582 3545 1897 3603 monstrat
1940 3538 2160 3601 ubera.

1449 3704 1579 3770 Pro
1627 3703 1865 3768 nostris
1910 3701 2197 3766 reatibus

1452 3816 1641 3872 natus
1686 3826 1828 3871 cum
1871 3804 2266 3885 vulneribus,

1450 3920 1656 3977 mater
1702 3929 1846 3976 cum
1888 3908 2191 3974 uberibus
2211 3953 2230 3988 ,

1452 4017 1670 4099 angeli
1714 4034 1858 4081 cum
1900 4013 2193 4079 omnibus

1453 4127 1643 4186 orent
1686 4119 1830 4184 caeli
1875 4119 2140 4183 civibus.

1401 4271 1417 4287 ⁶
1452 4283 1658 4351 Salva
1700 4304 1820 4350 nos
1867 4291 1934 4348 et
1975 4281 2255 4363 redime,

1452 4391 1711 4474 genitor
1754 4388 2057 4473 piissime,

1450 4499 1723 4579 propter
1767 4498 1924 4554 vota
1966 4487 2242 4552 maxime

1453 4602 1582 4659 tuae
1626 4583 1830 4678 prolis
1874 4591 2167 4675 optimae,

1455 4716 1647 4781 quem
1689 4704 1760 4765 tu
1808 4713 1987 4762 amas
2029 4693 2268 4760 intime.

2609 1801 2698 1864 35

2610 2377 2699 2442 40

2612 2955 2702 3018 45

2619 4112 2706 4176 55

2617 4688 2710 4754 6⁰
