3159 5259
13 829 27 864 -r
14 797 15 804 ⁴

14 4413 31 4484 l

56 4487 79 4526 Ῑ

826 909 1358 1000 LIEDER
1434 907 1628 997 AN
1697 908 2094 999 Go'm'.

163 1269 225 1337 1.
276 1261 613 1362 Hymnus
651 1259 839 1334 beati
879 1262 1097 1335 Bedae
1142 1263 1538 1364 presbyteri
1590 1261 1678 1335 de
1725 1288 1939 1361 opere
1991 1288 2118 1334 sex
2157 1261 2430 1336 dierum
2466 1266 2765 1363 primor-

772 1382 1058 1457 dialium
1110 1396 1181 1458 et
1223 1383 1311 1457 de
1365 1410 1493 1457 sex
1543 1382 1859 1456 aetatibus
1913 1381 2174 1454 mundi.

156 1533 407 1622 Primo
453 1552 614 1616 deus
659 1553 825 1616 caeli
868 1554 1133 1636 globum

157 1657 518 1738 molemque
562 1665 761 1719 terrae
806 1657 1123 1740 condidit,

157 1767 397 1823 terram
442 1757 562 1822 sed
604 1760 846 1825 umbris
890 1760 1175 1826 abditam

156 1865 436 1946 abyssus
482 1862 612 1926 alta
657 1871 929 1929 texerat.

150 2023 245 2093 At
287 2047 413 2111 per
459 2025 600 2090 dies
644 2030 945 2096 aetatibus

150 2131 431 2196 labentis
477 2134 604 2196 aevi
649 2151 973 2216 congruos

152 2234 412 2298 ornavit
459 2237 682 2300 orbem
727 2245 793 2301 et
835 2236 1084 2302 aethera

151 2349 576 2425 cunctamque
619 2342 837 2408 mundi
877 2344 1254 2410 machinam.

150 2502 372 2570 Prima
416 2513 678 2571 creator
723 2507 946 2572 saeouli

150 2609 255 2674 die
300 2612 610 2675 tenebras
655 2609 948 2696 effugans

148 2713 334 2796 aquis
382 2713 597 2780 adhue
641 2717 1083 2783 absconditum

147 2816 464 2902 lampavit
509 2821 733 2885 orbem
778 2819 1032 2886 lumine.

146 2977 346 3048 Lueis
391 2982 606 3045 beatae
649 2980 903 3062 gaudiis

146 3084 369 3149 mundi
421 3085 701 3167 replevit
742 3086 990 3150 incolas

146 3196 346 3252 aetate
390 3203 543 3249 mox
588 3188 932 3251 altissimus

143 3290 358 3376 prima
404 3299 662 3355 creator
706 3291 943 3356 saeouli.

144 3452 439 3523 Looatur
480 3454 648 3517 inter
692 3455 932 3519 eaerula

146 3559 253 3624 die
300 3559 589 3625 secunda
632 3562 943 3625 maximus

146 3668 284 3751 poli
331 3666 567 3749 globus
611 3667 947 3752 divisaque
988 3677 1094 3733 est

146 3772 472 3852 utrimque
516 3773 785 3856 lympha
830 3773 1057 3840 labilis.

144 3934 366 4002 Primo
413 3939 717 4005 seeundae
763 3949 1057 4026 tempore

147 4044 363 4106 aetatis
409 4063 564 4109 area
608 4046 881 4129 mystica

148 4143 299 4210 hino
342 4146 495 4211 inde
540 4151 993 4216 concurrentia

146 4247 404 4313 locatur
445 4251 617 4315 inter
660 4254 941 4319 caerula.

146 4410 443 4480 Lueente
487 4417 668 4483 saecli
711 4417 904 4483 tertia

152 4517 254 4583 die
299 4517 510 4584 fluens
554 4522 674 4585 sub
719 4522 966 4588 aethere

151 4624 430 4705 abyssus
475 4625 609 4688 alta
652 4627 943 4692 subsidet

150 4725 500 4812 virensque
540 4736 733 4814 paret
778 4729 975 4795 arida.

234 4856 413 4910 Mons,
446 4856 611 4907 Μαίη.
646 4858 890 4916 Hymen.
936 4860 975 4907 1.

1327 2615 1408 2680 10

1324 3190 1405 3251 15

1320 3775 1404 3839 20

1321 4421 1404 4484 25

1514 1553 1745 1619 Electa
1789 1553 2011 1637 proles
2054 1549 2350 1617 Abrahae

1516 1657 1599 1722 de
1643 1657 2036 1742 perfidorum
2080 1656 2380 1723 fluetibus
2681 1657 2769 1723 30

1513 1769 1712 1826 aetate
1754 1760 1996 1825 florens
2039 1761 2274 1826 claruit

1513 1866 1769 1931 lucente
1814 1866 2013 1931 saecli
2056 1865 2263 1930 tertia.

1515 2027 1756 2106 Quarta
1792 2030 1992 2113 jubar
2036 2030 2392 2095 sublimium

1513 2133 1618 2196 die
1663 2134 1943 2197 micabat
1985 2132 2297 2216 siderum,

1512 2238 1667 2321 polo
1712 2236 1980 2319 soloque
2025 2236 2336 2318 fulgidam
2680 2237 2768 2302 35

1508 2339 1674 2409 lueis
1719 2340 2013 2406 daturum
2056 2342 2349 2424 gratiam.

1511 2506 1794 2572 Hebraea
1843 2525 2007 2589 gens
2050 2505 2345 2571 Davitieo

1510 2628 1718 2693 regno
1762 2610 2015 2675 refulsit
2055 2612 2330 2695 inclyta,

1512 2724 1708 2781 aetate
1750 2715 2045 2799 pandens
2090 2724 2346 2782 actuum

1513 2820 1743 2903 quarta
1778 2820 1978 2905 jubar
2019 2822 2394 2886 sublimium.
2675 2821 2766 2889 40

1509 2981 1765 3048 Novum
1809 3002 2015 3066 genus
2058 2985 2470 3066 progignitur

1512 3084 1733 3170 quinta
1777 3086 1880 3150 die
1926 3086 2008 3149 de
2053 3087 2329 3170 limpidis

1510 3206 1788 3252 nascens
1834 3188 2015 3270 aquis
2058 3189 2412 3252 natantium

1509 3294 1988 3376 volantiumque
2031 3296 2152 3359 sub
2196 3294 2369 3378 polo,

1508 3456 1752 3524 Aetate
1798 3455 2016 3540 quinta
2059 3458 2125 3521 in
2169 3455 2436 3523 Caldaea
2673 3462 2759 3528 45

1508 3582 1788 3648 poenam
1829 3563 2047 3626 luente
2089 3560 2311 3627 Iudaea

1508 3668 1791 3733 fidelium
1838 3666 1920 3729 de
1963 3665 2232 3750 perfidis

1509 3789 1750 3836 novum
1793 3789 1999 3852 genus
2041 3770 2470 3854 progignitm:

1510 3935 1716 4001 Sexta
1762 3944 2018 4002 creatus
2063 3945 2163 4001 est
2206 3936 2399 4003 homo

1510 4040 1617 4106 die
1637 4091 1654 4124 ,
1700 4042 2013 4106 creatoris
2057 4041 2154 4105 sui
2677 4037 2761 4103 50

1509 4146 1853 4228 imaginem
1899 4145 2006 4227 qui
2049 4141 2409 4228 praeferens

1509 4270 1770 4335 semper
1810 4253 2039 4317 beatus
2082 4248 2352 4311 viveret.

1510 4414 1808 4482 Summus
1852 4421 2109 4481 creator
2154 4412 2459 4495 omnium,

1508 4540 1632 4606 per
1676 4538 1865 4602 quem
1909 4526 2164 4583 creatus
2208 4527 2310 4583 est
2351 4516 2575 4599 homo,

1512 4631 1707 4689 aetate
1751 4621 1920 4687 filius
1964 4621 2072 4687 dei
2674 4617 2756 4681 55

1511 4726 1699 4794 sexta
1742 4736 1995 4796 oreatus
2041 4734 2141 4793 est
2182 4725 2393 4792 homo.

2301 4832 2336 4894 1
