3159 5259
317 489 838 577 Reconciliatcr,
1389 499 1476 564 30

195 679 204 690 .
328 600 588 684 asylum
631 619 915 685 spesque
951 601 1096 669 sola
1139 620 1397 668 reorum
1414 651 1432 688 ,

271 789 280 800 ³
325 703 656 788 inspirans
701 704 1068 772 dediticiam

325 813 400 870 tu
445 807 917 874 confessionem
935 854 954 886 ‚
1000 809 1102 874 fer
1141 807 1360 891 nobis,

329 911 680 994 paraclite,
724 912 1277 997 propiciationem.

326 1111 427 1177 Tu
444 1132 717 1197 magnus
745 1116 1000 1200 respice
1018 1115 1352 1200 parvulos,
1391 1116 1477 1180 35
1547 1163 1554 1174 .

329 1215 679 1298 archiater,
724 1233 847 1280 nos
890 1216 1305 1299 morbidulos,

325 1351 417 1420 Et
459 1361 689 1419 contra
730 1355 954 1419 mortis
997 1355 1320 1439 poterium

325 1457 486 1522 vitae
530 1459 888 1543 propinans
932 1458 1305 1525 antidotum.

332 1666 433 1732 Tu
477 1674 651 1732 totus
696 1667 1086 1733 desiderium
1101 1716 1119 1751 ,

323 1770 509 1853 boni,
557 1771 752 1836 totius
796 1772 1057 1854 generis

327 1875 891 1958 generalissimum

324 1978 808 2061 gaudimonium

327 2089 401 2144 tu
447 2098 639 2162 quam
681 2079 1017 2143 verissime
1123 2129 1134 2138 .

321 2183 849 2268 hyperbolicum,

331 2289 607 2371 solaque
652 2296 724 2353 tu
768 2283 1062 2379 σωτηρία

322 2392 613 2457 clemens
632 2440 649 2474 ‚
696 2392 787 2457 tui
829 2409 950 2456 nos
994 2392 1214 2458 intima

323 2514 529 2580 pasce
577 2492 851 2585 θεωρίᾳ.

1377 1725 1477 1836 Ι40

1395 2288 1479 2351 45

330 2652 511 2717 Θεοῦ
551 2643 768 2716 πάντα
809 2641 1097 2737 ἐλεήμων

323 2750 566 2844 ἄφεσις
609 2755 1023 2837 beniguicula

321 2853 577 2926 τούτων
618 2852 972 2944 ἁμαρτιῶν,

325 2964 818 3030 sanctimonium

330 3066 554 3149 dulce,
591 3064 982 3151 jocundule,

331 3179 405 3236 tu
451 3170 734 3252 deliciae,

326 3283 560 3360 portus
605 3275 837 3358 quietis
880 3274 1100 3357 unice,

325 3373 531 3465 ἀρχὸς
577 3386 836 3462 patrum
881 3386 948 3442 et
992 3378 1288 3463 optimas,

329 3477 597 3567 ἐλέησον
639 3474 829 3567 ἡμᾶς.

1392 2857 1476 2920 50

1394 3376 1478 3440 55

211 3695 284 3758 7.
329 3689 418 3758 Et
463 3700 544 3757 tu·
575 3693 753 3757 solus
798 3692 907 3777 qui
949 3691 1206 3758 fortiter

329 3797 543 3861 crucis
561 3798 849 3862 torcular
862 3798 1172 3881 tristeque
1186 3795 1478 3881 praelum,

328 3901 435 3964 vir
455 3900 536 3963 de
556 3901 858 3988 gentibus
884 3902 1225 3984 nullusque
1245 3907 1475 3983 tecum,

1567 2061 1627 2070 ¹
1580 1940 1642 2003 90

2696 312 2848 379 '118

1684 497 2005 583 idemipse
2017 497 2245 564 botrus
2254 495 2522 583 elegans
2533 496 2838 585 Cypri&

1686 600 2147 667 rubicundulus
2160 649 2178 686 ,
2207 603 2494 669 calcasti
2510 651 2528 688 ,

1684 704 1913 771 bibens
1957 705 2294 770 nobiscum
2334 714 2557 791 potum
2600 714 2667 774 te

1684 809 1872 874 nobis
1917 809 2144 893 ipsum,
2189 810 2284 875 tui

1684 909 1785 974 fer
1828 910 2035 994 patris
2078 911 2145 975 in
2181 927 2408 994 regno.

1686 1047 1825 1113 Fac
1865 1065 1988 1113 nos
2032 1048 2205 1114 calix
2246 1047 2554 1130 inebriet,
2747 1045 2838 1110 05

1685 1169 1808 1234 per
1852 1168 2041 1233 quem
2085 1150 2363 1234 optimus
2408 1147 2780 1216 sobrietatis

1685 1250 2066 1335 spiritalium
2112 1250 2472 1316 dulcedinis

1685 1362 2076 1419 aeternorum
2121 1354 2304 1418 mirae
2349 1353 2714 1420 dilectionis

1684 1459 2062 1544 sophiaeque
2107 1458 2438 1552 salutariS,

1685 1581 1813 1647 quo
1855 1563 2006 1627 vitis
2051 1560 2306 1627 Sorech
2346 1560 2647 1646 palmites
2736 1559 2829 1626 ’10

1683 1668 1932 1733 fructus
1975 1667 2197 1752 plures
2232 1665 2410 1731 ferre

1687 1788 1995 1860 queamus
2039 1771 2357 1834 laetantes.

1687 1937 1824 2002 Nos
1869 1945 1941 2002 ut
1986 1936 2386 2001 immolantes

1685 2040 1780 2106 tui
1824 2039 2154 2123 sanguinis
2201 2037 2373 2104 sacri

1686 2145 1804 2210 tibi
1846 2143 2142 2208 rubentia

1684 2255 1897 2313 musta
1941 2245 2205 2313 cottidie

1686 2348 2188 2416 mundicorditer
2233 2356 2302 2413 et
2342 2347 2562 2412 intime

2750 2136 2839 2201 ¹15

1576 2477 1580 2482 ’
1686 2459 1925 2524 nudam
1971 2476 2228 2523 crucem
2264 2455 2510 2521 nudula

1584 3492 1644 3556 9.

1692 2566 2052 2651 bajulemus
2097 2581 2296 2630 carne
2342 2568 2409 2625 et
2451 2561 2566 2647 νῷ.

1690 2702 1912 2786 Teque
1956 2701 2089 2767 dux
2133 2718 2477 2784 sequamur
2746 2697 2842 2768 80

1687 2813 1920 2890 sponte
1963 2803 2360 2886 voluntaria,

1687 2928 1818 2975 non
1861 2911 2021 2975 abre
2065 2917 2137 2973 ut
2180 2906 2405 2973 Sim0n

1687 3020 1756 3082 ct
1797 3014 1864 3077 in
1908 3013 2208 3095 angaria,

1670 3115 1905 3182 mundo
1949 3135 2187 3180 revera
2230 3113 2563 3179 moriendo

1687 3222 1929 3304 tibique
1973 3236 2113 3302 nos,
2158 3235 2289 3283 non
2333 3219 2540 3302 nobis,
2739 3217 2835 3283 8⁵

1687 3345 1850 3391 vera
1891 3326 2044 3408 vita,
2090 3331 2243 3409 post
2286 3325 2432 3391 haec
2465 3322 2789 3407 vivendo;

1691 3490 1785 3555 Te
1831 3488 2116 3573 Christe,
2161 3497 2385 3556 noster
2428 3487 2773 3573 crucifixe,

1686 3601 2041 3678 praestante
2087 3600 2196 3658 tua
2238 3593 2487 3678 pietate

1688 3696 1909 3779 nimia,
1957 3695 2066 3778 qui
2107 3694 2470 3780 redemptio

1686 3798 1831 3862 sola
1871 3804 2135 3881 totaque
2177 3805 2404 3862 nostra
2445 3804 2517 3861 tu

1686 3900 2058 3984 propicians
2102 3916 2174 3961 es
2218 3897 2678 3964 misericordia.

2746 3796 2839 3862 90

403 4086 499 4141 Es.
541 4101 613 4141 zu
649 4086 919 4142 Miinchen
955 4086 1093 4143 Clm.
1120 4086 1306 4141 14845.
1341 4082 1381 4141 f.
1398 4087 1484 4141 67.
1520 4088 1589 4141 12
1606 4084 1823 4142 Jahn-h:
1871 4086 1972 4140 Die
2007 4086 2316 4157 gemischte
2354 4084 2605 4156 Sprache
2642 4082 2841 4140 dieser

209 4171 484 4243 Sequenz
521 4172 761 4229 beweist
795 4174 988 4241 sehon,
1025 4172 1157 4227 dass
1192 4173 1277 4227 sie
1311 4173 1455 4228 nach
1491 4172 1880 4244 griechischen
1916 4173 2165 4228 Mustern
2199 4173 2459 4244 gemacht
2492 4170 2595 4240 ist,
2630 4171 2836 4228 womit

217 4260 372 4316 auch
420 4259 520 4315 die.
559 4259 761 4332 iibrige
797 4259 1295 4331 Behandlungsart
1341 4258 1794 4315 iibereinstimmt.
1864 4258 1967 4314 Die
2004 4260 2393 4332 griechischen
2428 4259 2671 4315 Wiirter
2700 4258 2837 4317 sind

218 4347 340 4403 alle
375 4346 478 4403 mit
511 4347 880 4404 lateinischen
915 4347 1272 4405 Buchstaben
1308 4348 1696 4420 geschrieben,
1741 4348 1933 4405 wobei
1968 4349 2070 4404 das
2105 4369 2137 4419 η
2171 4348 2348 4403 durch
2382 4365 2423 4420 y
2451 4348 2838 4420 ausgedriickt

217 4436 328 4505 ist,
375 4436 628 4491 welches
667 4437 743 4491 im
778 4438 1073 4494 Versmass
1107 4438 1234 4493 eine
1267 4437 1450 4510 Sylbe
1485 4436 1692 4509 bildet,
1739 4438 1978 4506 ebeno,
2012 4452 2179 4492 wenn
2213 4433 2311 4491 fiir
2343 4457 2380 4492 υ
2414 4436 2528 4493 und
2562 4423 2692 4493 a‘im
2724 4435 2838 4494 La-

219 4523 541 4582 teinischen
576 4540 617 4595 y
651 4526 822 4581 steht.

401 4648 440 4703 9
473 4646 797 4720 eulogeme‚
831 4647 926 4704 Hs.
959 4647 1413 4721 Schreibfehler,
1447 4650 1563 4705 wie
1601 4651 1669 4705 14
1703 4654 1962 4721 stayros;
2015 4648 2089 4703 da
2124 4646 2288 4703 beide
2322 4647 2500 4701 Verso
2533 4645 2570 4701 6
2603 4641 2829 4717 Sylbon

215 4736 443 4811 haben,
497 4752 566 4796 so
600 4735 754 4794 kann
786 4752 894 4795 mu·
940 4733 1257 4813 εὖλσγημόνε
1291 4736 1430 4798 oder
1464 4734 1817 4813 εὖλογούμενε
1853 4752 2075 4812 pausen-
2145 4737 2217 4797 22
2253 4740 2317 4795 tu
2348 4733 2524 4807 fehlt,
2576 4731 2655 4791 ist
2686 4731 2839 4791 aber
