3159 5259
54 496 310 563 habent
354 492 765 578 splendorem
779 540 801 577 ,

56 614 326 662 roseum
371 594 722 661 candorem
738 642 761 677 ‚

62 699 267 765 altum
313 696 645 763 honorem.

58 876 168 947 En
214 877 541 962 patientes

61 990 220 1049 sunt
261 1001 512 1048 mecum
554 979 833 1046 nitentes

61 1093 169 1150 tot
209 1084 581 1167 margaritis
596 1131 615 1166 ‚

66 1195 228 1272 quot
270 1189 407 1253 triti
448 1189 775 1273 pressuris
794 1237 812 1272 ‚

64 1290 477 1373 gemitusque
519 1289 749 1354 horum

63 1399 220 1457 sunt
261 1411 460 1460 causa
508 1392 928 1480 splendorum

69 1512 154 1560 ac
194 1494 599 1578 gaudiorum.

69 1672 274 1739 Juxta
315 1669 581 1739 labores

70 1793 226 1841 suos
271 1776 681 1842 confessores

69 1888 562 1946 remunerantur

64 1991 267 2065 atque
312 1985 733 2067 decorantur,

60 2095 221 2152 sunt
263 2087 488 2151 horum
534 2086 725 2151 stolae

59 2190 270 2256 mixto
316 2189 398 2253 de
444 2190 666 2254 colore

61 2310 379 2377 purpuras
423 2309 624 2356 more.

59 2467 359 2541 Auream
403 2481 699 2554 torquem

58 2572 407 2660 possident
450 2574 515 2638 in
560 2582 802 2640 sortem

64 2674 231 2742 mihi
271 2675 507 2741 delecti

60 2778 374 2844 doctores
421 2780 645 2862 electi,

59 2899 337 2966 quorum
385 2883 684 2950 doctrina

57 2985 262 3053 floret
304 2985 471 3050 fides
517 3006 662 3051 mea

56 3091 137 3153 in
183 3089 351 3152 omni
396 3098 591 3154 terra.

54 3270 235 3338 Sunt
284 3271 623 3355 epulantes

52 3394 319 3442 mecum
363 3383 700 3440 cantantes

52 3477 366 3546 monachi
410 3478 585 3560 veri,

50 3589 281 3649 musto
324 3596 472 3643 meo
515 3579 725 3663 pleni,

50 3703 217 3751 mam
261 3683 517 3765 priscus
562 3682 781 3765 labor,

58 3785 429 3870 disciplinae
472 3786 658 3869 rigor

52 3891 227 3977 ipsis
276 3909 447 3956 nunc
490 3909 709 3974 sapor.

50 4067 494 4139 Anachoritae

48 4190 189 4240 nec
229 4190 363 4237 non
407 4174 696 4239 eremitae

48 4273 278 4344 lucide
322 4276 588 4342 multum

49 4399 276 4448 meum
321 4388 591 4446 cernunt
633 4380 914 4466 vultum,

48 4497 188 4568 pro
232 4498 362 4562 quo
406 4479 688 4547 videndo

48 4603 134 4650 se
183 4581 426 4650 dabant
468 4593 599 4652 tam
642 4593 831 4653 arcto

44 4686 217 4753 vitae
258 4694 526 4756 statuto.

1240 985 1323 1050 65

1237 1498 1324 1566 '10

1239 2087 1324 2151 '15

1237 3271 1327 3339 85

1235 3789 1318 3855 90

1235 4378 1319 4444 95

1431 487 1835 560 obedierunt

1428 608 1499 666 et
1540 619 1617 665 se
1661 601 1770 683 qui
1813 599 2174 686 fregerunt,

1427 703 1585 769 mihi
1629 703 1893 769 sodales

1428 813 1499 873 et
1540 807 1726 872 stolis
1773 805 2096 889 aequalem

1417 906 1562 990 jam
1605 906 1729 987 nil,
1775 904 1950 987 quod
1992 905 2248 988 nolunt,

1428 1007 1548 1074 sed
1596 1025 1812 1091 omne,
1858 1007 2034 1091 quod
2077 1010 2337 1091 volunt,

1426 1111 1652 1177 facere
1695 1118 1987 1196 possunt.

1429 1289 1720 1357 Humiles
1764 1297 2016 1353 mentes

1429 1399 1580 1457 sunt
1624 1407 1665 1454 o
1701 1407 1892 1472 quam
1935 1389 2278 1473 sublimes,

1427 1492 1669 1559 mundo
1716 1491 2010 1576 despecti

1428 1603 1580 1663 sunt
1625 1618 1666 1662 a
1707 1615 1811 1661 me
1857 1595 2211 1680 complexi,

1429 1706 1538 1790 qui
1585 1704 1907 1788 quondam
1949 1704 2087 1786 imi,

1428 1827 1602 1873 nunc
1636 1807 1831 1890 juxta
1872 1825 1976 1870 me
2019 1804 2212 1889 primi

1430 1910 1611 1978 celso
1657 1907 1862 1973 sedili.

1427 2089 1738 2175 Virgines
1782 2088 2042 2156 mundae

1427 2213 1680 2260 mecum
1725 2214 1915 2277 quam
1951 2191 2242 2278 jocunde

1429 2296 1674 2364 ducunt
1716 2298 2024 2364 choream

1428 2401 1723 2468 coelioam
1766 2420 1888 2485 per
1939 2400 2179 2483 aulam,

1428 2504 1590 2568 mire
1636 2503 2009 2586 fragrantes

1431 2624 1710 2673 coronas
1756 2613 2091 2690 gestantes

1429 2730 1662 2793 meque
1706 2709 2067 2775 laudantes.

1424 2885 1537 2954 Ac
1579 2887 1919 2952 viduarum

1428 2990 1644 3074 gloria
1687 2997 2040 3071 castarum,

1427 3112 1836 3176 nequaquam
1878 3112 2116 3178 parva,

1427 3195 1548 3262 sed
1592 3196 1778 3260 nimis
1823 3203 1925 3259 est
1968 3214 2237 3278 magna,

1430 3320 1555 3383 que
1602 3300 1861 3384 sponsis
1909 3299 2148 3384 spretis

1425 3402 1832 3486 amplexibus
1875 3402 2046 3465 laetis

1423 3504 1722 3571 fruuntur
1763 3504 1942 3568 meis.

1425 3681 1593 3749 Sunt
1635 3685 1792 3750 mihi
1840 3686 2014 3769 grati

1423 3790 1634 3855 sancti
1678 3791 2042 3876 conjugati,

1424 3914 1548 3977 per
1593 3912 1756 3975 quos
1801 3895 1875 3960 fit
1919 3904 2108 3961 aucta

1424 3994 1793 4062 Jerusalem
1838 4004 2063 4060 sancta
2076 4042 2095 4077 ‚

1423 4116 1573 4162 nam
1617 4099 1806 4181 prole
1850 4098 2080 4163 horum

1421 4221 1727 4269 numerus
1769 4221 2059 4269 meorum

1425 4308 1663 4372 crescit
1705 4315 2092 4373 sanctorum.

1422 4481 1561 4551 Sed
1610 4486 2013 4551 continentes

1423 4605 1674 4652 mecum
1717 4594 1866 4668 sunt
1907 4585 2226 4654 habentes

1424 4708 1509 4758 en
1552 4698 1652 4758 tot
1693 4706 1972 4758 coronas
1984 4736 2008 4773 ‚

2556 602 2690 665 100

2599 2297 2684 2358 15

2596 2887 2690 2951 20

2593 3398 2678 3463 25

2595 3993 2679 4056 30

2593 4583 2682 4647 36
