3159 5259
2639 311 2777 375 253

1065 703 1236 779 193.
1292 703 1411 776 De
1463 729 1519 774 s.
1571 705 1845 801 spiritu.

154 930 437 1016 Spiritus
457 979 475 1014 ‚
522 948 562 994 o
608 936 852 1013 praesta
1510 949 1637 996 nec
1678 932 1883 995 minas
1937 929 2090 995 freti

153 1034 386 1099 fulcire
430 1032 606 1097 sonis
649 1040 761 1097 tua
803 1030 1003 1096 festa!
1509 1033 1858 1098 formident
1901 1033 2157 1099 numine
2200 1033 2379 1099 lethi.

153 1154 338 1201 mens
382 1136 536 1200 colit
581 1155 662 1198 en
706 1142 973 1217 moesta‚

157 1237 263 1301 oui
304 1242 376 1300 tu
410 1235 687 1318 jubilum
731 1235 1086 1300 manifesta.
1513 1216 1632 1285 His
1678 1218 1975 1284 habitare
2021 1219 2176 1302 polo

1512 1322 1874 1386 ferventius
1919 1328 2161 1405 appeto
2204 1321 2378 1404 solo,

158 1424 377 1507 Hunc,
421 1423 562 1508 pie,
609 1423 898 1489 concede
1368 1425 1407 1487 5
1518 1424 1687 1488 otius
1734 1432 1927 1505 teque
1974 1423 2156 1504 0010,
2684 1422 2765 1484 15

157 1545 390 1591 rorans
435 1527 703 1592 rationis
743 1528 809 1590 in
855 1527 1033 1609 aede3
1515 1534 1582 1591 te
1627 1534 1883 1611 partum
1929 1526 2203 1591 credere
2246 1526 2419 1589 volo,

160 1628 349 1694 donis
393 1631 628 1695 malum
673 1629 865 1712 cede,

159 1730 307 1795 fans
350 1731 552 1795 hosti:
603 1731 891 1815 „praed0,
935 1728 1249 1796 recede!“
1514 1714 1591 1780 In
1635 1715 1860 1778 mortis
1905 1715 2081 1779 1¹¹⁰OE

1515 1816 1774 1879 veniam
1818 1833 2017 1898 super
2062 1813 2311 1879 aethera
2354 1812 2580 1895 ductu,

157 1916 473 1983 Flaminis
516 1919 762 2003 impleti
1518 1917 1695 2001 quod
1739 1918 1979 1983 tribuat
2020 1917 2284 1998 flamen,

163 2019 354 2084 donis
399 2021 623 2084 vivant
665 2019 858 2084 modo
899 2018 1067 2102 laeti,
1329 2021 1411 2084 10
1518 2020 1733 2085 clerus
1780 2020 1984 2082 omnis
2029 2019 2340 2100 clamitet,
2388 2036 2592 2081 amen.

335 2216 597 2271 Dieselbe
633 2216 726 2272 Hs.
764 2213 804 2271 f.
842 2219 962 2285 155,
998 2216 1099 2271 mit
1134 2216 1236 2272 der
1268 2217 1527 2275 Melodie.

337 2319 442 2373 Ein
477 2321 611 2374 sehr
647 2319 1055 2375 unbeholfenes
1081 2319 1234 2391 Lied,
1271 2323 1519 2378 welches
1556 2325 1615 2378 in
1652 2325 1964 2396 gereimten
1998 2326 2365 2379 Hexametern
2400 2322 2639 2389 besteht,
2677 2322 2767 2377 die

158 2406 254 2460 ich
293 2405 540 2460 darnach
587 2408 646 2461 in
693 2406 1022 2478 vierzeilige
1059 2409 1344 2479 Strophen
1391 2412 1706 2483 abgetheilt
1752 2412 1910 2467 habe.
1992 2412 2150 2465 Nach
2189 2412 2256 2465 18
2290 2408 2632 2463 wiederholt
2672 2409 2762 2463 die

155 2493 253 2549 Hs·
292 2493 379 2547 die
415 2494 615 2549 beiden
649 2496 1156 2566 vorhergehenden
1189 2495 1371 2552 verse
1408 2497 1516 2554 auf
1543 2500 1668 2554 eine
1705 2500 1953 2555 sinnlose
1989 2500 2096 2554 Art
2131 2498 2284 2553 also:
2321 2513 2408 2551 me
2437 2495 2564 2551 caeli
2593 2496 2762 2550 ductu

161 2580 328 2651 cujus
378 2597 544 2635 sacra
591 2597 823 2652 quaeque
873 2580 1091 2653 fructu,
1152 2584 1405 2640 welcher
1450 2589 1657 2644 Zusatz
1709 2590 1856 2643 noch
1891 2588 2151 2642 iiberdies
2190 2586 2290 2640 das
2327 2585 2766 2657 Strophenmass

154 2670 325 2721 stort.
394 2667 496 2721 Die
539 2669 934 2726 undeutlichen
969 2672 1190 2726 Stellen
1225 2671 1408 2728 leiden
1443 2675 1564 2731 wol
1601 2676 1745 2731 auch
1779 2691 1853 2730 an
1886 2674 2345 2729 Verderbnissen.

342 2810 377 2860 3
415 2805 576 2862 collit
609 2807 702 2862 Hs‘.
777 2811 846 2864 14
880 2810 1063 2881 apim,
1098 2811 1193 2867 Hs,
1230 2812 1369 2867 aber
1402 2814 1741 2869 verbessert.

341 2947 410 3001 V.
448 2949 494 3003 6.
549 2954 766 3006 rationis
800 2953 953 3022 oedeS,
990 2953 1091 3009 das
1125 2954 1330 3026 Haupt,
1364 2954 1478 3010 wie
1515 2959 1698 3012 mentis
1733 2957 1927 3011 domus.
1997 2955 2101 3013 No.
2142 2955 2260 3023 156,
2294 2956 2380 3008 22.

1089 3311 1252 3386 194.
1313 3312 1432 3384 De
1483 3314 1735 3411 spiritu
1786 3337 1843 3383 s·

155 3530 310 3597 Jam
354 3532 688 3599 laudemus
1512 3539 1763 3605 Numen
1807 3539 2013 3623 spira,

157 3640 228 3695 et
273 3651 577 3715 rogemus
1513 3663 1597 3706 ne
1643 3660 1761 3706 nos
1809 3642 1952 3705 dira
2682 3642 2765 3704 10

156 3736 487 3819 spiritum,
1513 3746 1755 3811 vindex
1798 3748 1898 3811 ira

154 3846 231 3902 ut
277 3839 561 3923 colendi,
1515 3851 1767 3934 puniat,

155 3956 233 4002 se
284 3939 616 4027 credendix
1367 3948 1407 4011 5
1516 3951 1635 4016 sed
1682 3954 1763 4017 sit
1806 3959 2032 4034 gratus

158 4041 275 4104 det
319 4044 537 4125 ritum,
1518 4055 1887 4134 caelibatuS‚

157 4161 353 4224 quem
388 4144 697 4228 largitur,
1518 4174 1702 4221 amor
1744 4155 2001 4219 muniat.
2686 4149 2764 4210 15

156 4245 257 4310 sic
301 4246 577 4312 fulcitur.
1518 4257 1725 4343 Kyrie
1771 4259 2058 4342 eleyson.

340 4458 602 4529 Dieselbe
636 4459 731 4515 Hs.
767 4458 807 4514 f.
846 4460 963 4516 156.
997 4464 1101 4520 mit
1136 4465 1237 4521 der
1269 4466 1529 4524 Melodie.

336 4598 385 4653 ¹7.
422 4599 456 4652 8
503 4563 628 4654 sind
673 4600 1022 4673 undeutlich,
1088 4606 1190 4662 der
1236 4608 1375 4663 Sinn
1423 4609 1643 4664 scheint
1685 4608 1819 4663 mir:
1885 4620 2047 4676 quem
2094 4604 2144 4658 si
2191 4600 2461 4673 largitur,
2515 4598 2762 4657 fulcitur.

153 4684 230 4737 13
267 4683 349 4741 sis
389 4684 503 4761 He„
522 4686 624 4742 der
658 4687 798 4746 Sinn
834 4686 1086 4750 fordert:
1134 4697 1238 4754 sed
1273 4701 1337 4753 ut
1370 4697 1448 4753 sit
1481 4700 1712 4769 gratae,
1748 4694 1888 4751 oder
1922 4691 2052 4750 blos
2089 4695 2145 4748 ut
2179 4688 2274 4746 ffir
2307 4691 2413 4745 sed.
