3159 5259
339 316 473 380 344

341 517 539 597 Jesu,
581 511 734 577 vide
777 529 881 574 me
926 516 1322 590 gementem,

346 621 590 684 vultum
636 622 812 678 tuum
859 611 1326 692 requirentem,

436 734 561 800 quo
606 714 764 779 nihil
810 719 912 775 est
956 710 1235 774 dulcius:

347 829 604 887 noctem
647 819 808 901 fuga
852 816 1302 893 tenebrarum,

347 927 417 990 in
460 924 587 989 hac
629 921 805 985 valle
849 918 1260 982 lacrimarum

437 1026 593 1093 mihi
640 1024 731 1088 sis
775 1021 1113 1106 propitius.

354 1239 551 1321 Jesu,
597 1236 806 1300 factor
853 1231 1258 1311 saeculorum,

357 1342 466 1425 qui
507 1339 816 1427 populum
860 1335 1288 1399 Hebraeorum

440 1443 713 1510 salvasti
758 1443 841 1506 ab
885 1437 1273 1521 Aegyptiis:

357 1547 596 1613 munda
639 1565 741 1609 me
788 1551 854 1608 et
896 1540 1290 1620 mundabor,

359 1651 546 1717 salva
590 1668 691 1712 me
738 1654 803 1710 et
847 1645 1159 1708 salvabor

447 1756 531 1818 ab
575 1751 854 1816 hostium
900 1744 1167 1810 insidiis.

362 1970 527 2037 Jesu
571 1966 861 2047 Christe,
907 1984 1028 2028 rex
1073 1961 1326 2041 suavis,

361 2072 703 2153 Emanuel,
746 2067 958 2132 David
1009 2064 1241 2148 clavis,

452 2175 561 2257 qui
608 2170 855 2239 claudis
900 2177 968 2233 et
1015 2169 1263 2254 aperis,

362 2278 474 2363 qui
515 2277 830 2341 neminem
873 2273 974 2337 vis
1018 2273 1268 2355 perire,

360 2401 464 2447 me
513 2380 801 2463 digneris
849 2375 1177 2442 custodire

447 2486 595 2549 luce
642 2483 737 2547 tui
786 2479 1090 2545 muneris.

361 2694 653 2761 Verbum
701 2690 808 2754 dei
856 2690 1168 2769 salutare,

363 2798 526 2865 Jesu
564 2793 842 2877 Christe,
887 2810 1267 2875 memorare,

451 2919 599 2983 quae
644 2920 792 2963 mea
838 2897 1225 2978 substantia,

361 3004 635 3090 purifica
685 3010 963 3067 mentem
1008 3020 1249 3082 meam,

364 3114 472 3195 qui
516 3112 786 3177 salvasti
834 3109 1228 3174 Cananaeam

448 3217 711 3301 pietatis
760 3214 991 3298 gratia.

367 3429 465 3495 'l'u
512 3430 619 3511 qui
664 3437 860 3493 terrae
906 3428 1256 3492 dominaris

366 3538 435 3595 et
475 3530 732 3610 mitigas
779 3528 1012 3594 fluctus
1056 3529 1271 3609 maris,

452 3631 644 3715 Jesu,
696 3640 921 3696 nostra
967 3631 1209 3714 gloria,

365 3735 570 3801 redde
614 3736 770 3800 mihi
814 3737 1211 3819 castitatem,

366 3840 582 3905 cordis
626 3841 784 3925 fuga
832 3842 1221 3923 caecitatem,

451 3945 688 4011 munda
731 3947 881 4011 labe
925 3945 1118 4011 labia.

360 4160 553 4244 Jesu,
599 4169 791 4245 pater
837 4159 1307 4242 orphanorum,

361 4265 735 4329 consolator
780 4262 1162 4327 afflictorum
1180 4306 1198 4343 ,

443 4385 805 4452 pauperum
853 4364 1180 4448 defensi0,

358 4488 460 4532 me
508 4466 590 4532 de
639 4465 798 4530 Sion
846 4473 1134 4548 tueatur,

358 4573 557 4637 vitam
605 4572 761 4636 mihi
805 4573 1122 4656 largiatur

446 4682 558 4738 tua
599 4674 947 4738 miseratio.

1514 607 1598 670 50

1522 1223 1606 1285 55

1527 1738 1612 1801 60

1530 2368 1615 2433 65

1534 2999 1616 3062 ’ΖΟ

1533 3627 1617 3690 ’15

1525 4259 1613 4323 80

1703 502 1867 569 Jesu
1913 499 2203 582 Christe,
2249 520 2371 564 rex
2414 498 2756 580 coelorum,
2877 497 2973 562 85

1706 620 1891 667 omne
1936 602 2170 665 malum
2224 600 2523 663 vitiorum

1791 707 1963 770 intra
2005 725 2106 770 me
2154 702 2500 785 mortifica,

1707 820 1776 876 et
1818 828 1941 895 pro
1987 818 2100 873 tua
2141 810 2386 892 pietate

1707 915 1774 979 in
1819 915 2123 977 virtutum
2173 912 2467 977 claritate

1797 1034 1913 1082 cor
1956 1036 2166 1080 meum
2209 1012 2486 1078 vivifica.
2889 1014 2981 1079 90

1709 1230 1873 1296 Jesu
1921 1227 2391 1310 Christe„an
2429 1232 2699 1307 aeterna,

1712 1353 1891 1398 mare
1935 1347 2174 1412 regens
2221 1335 2285 1391 et
2331 1346 2616 1411 superna

1801 1435 2111 1500 coelorum
2152 1431 2426 1515 palatia,

1713 1560 1836 1623 per
1881 1545 1946 1601 te
1995 1555 2252 1618 semper
2303 1534 2420 1596 sim
2467 1550 2769 1614 securus,

1714 1661 1799 1705 ne
1850 1660 1953 1703 me
2006 1637 2204 1703 laedat
2246 1634 2454 1698 hostis
2500 1632 2698 1697 durus
2895 1634 2983 1698 95

1798 1752 1873 1821 ,et
1918 1743 2062 1826 ejus
2108 1739 2384 1804 fallacia.

1717 1962 1913 2042 Jesu,
1959 1957 2104 2022 caeli
2147 1950 2591 2039 pulchritudO,

1721 2076 1864 2132 esto
1908 2084 2055 2129 mea
2100 2061 2441 2142 fortitude,

1808 2172 1986 2236 salus
2034 2176 2102 2232 et
2143 2165 2497 2251 protectio;

1720 2284 1792 2341 tu
1837 2275 1943 2356 qui
1988 2273 2222 2337 fortem
2269 2267 2584 2352 alligasti,
2853 2265 2984 2330 100

1723 2378 1832 2461 qui
1874 2376 2175 2461 leprosos
2220 2378 2287 2435 et
2331 2368 2578 2435 sanasti

1808 2503 1850 2548 a
1892 2483 2097 2565 leprae
2141 2477 2462 2561 contagio.

1722 2697 1916 2779 Jesu,
1962 2715 2171 2760 meum
2217 2693 2714 2771 firmamentum,

1724 2809 1867 2865 esto
1918 2798 2071 2863 mihi
2116 2799 2596 2877 nutrimentum,

1809 2910 1881 2967 ut
1933 2902 2185 2965 salvum
2231 2919 2333 2963 me
2379 2899 2615 2962 facias:
2858 2897 2990 2962 105

1724 3014 1789 3071 te
1835 3007 1971 3070 scio
2018 3004 2259 3070 fontem
2303 3002 2550 3084 vivum,

1723 3128 1965 3174 revoca
2010 3128 2111 3171 me
2163 3106 2500 3189 fugitivum

1811 3211 1896 3275 ad
1943 3211 2089 3275 coeli
2136 3208 2420 3274 delicias.

1719 3425 2002 3507 Respice
2047 3441 2184 3505 me,
2231 3421 2395 3485 Jesu
2439 3420 2579 3503 pie,

1723 3538 1867 3594 esto
1913 3527 2067 3591 mihi
2111 3527 2324 3590 lumen
2372 3523 2531 3602 viae,
2859 3522 2993 3587 110

1809 3631 1918 3713 qui
1962 3626 2261 3692 mundum
2306 3624 2657 3688 illuminas:

1724 3734 1872 3801 audi
1915 3752 2178 3818 precem
2222 3729 2536 3809 tribulati,

1720 3839 1831 3922 qui
1874 3837 2098 3902 oculos
2147 3834 2307 3899 caeci
2352 3833 2506 3912 nati,

1807 3939 2136 4023 tangendo
2182 3937 2520 4001 illuminas

1719 4154 1928 4236 Audi,
1974 4153 2166 4234 Jesu,
2212 4168 2422 4214 meam
2471 4165 2762 4231 precem,
2864 4153 2997 4215 115

1720 4263 1938 4330 cordis
1981 4261 2107 4324 mei
2153 4258 2389 4321 munda
2434 4258 2701 4339 faecem,

1805 4383 1952 4428 mea
1994 4369 2182 4443 terge
2225 4361 2413 4440 vitia,

1721 4467 1831 4550 qui
1875 4464 2110 4528 latroni
2154 4459 2489 4527 confitenti

1721 4577 1790 4634 et
1834 4574 2124 4633 extremo
2170 4563 2509 4648 poenitenti

1805 4668 2070 4737 donasti
2112 4667 2261 4733 coeli
2306 4665 2564 4748 gaudia.
2870 4671 3005 4736 120
