3159 5259
308 427 560 496 Ferens
606 426 847 492 Chr-isti
890 426 1202 493 fratribus

312 534 457 618 ejus
500 540 709 596 morte
754 531 1042 596 tristibus

314 643 695 721 exspectata
737 631 996 717 gaudia.
1376 631 1456 692 15

203 805 268 868 2.
315 799 372 866 0
415 798 592 865 beati
636 796 838 879 oculi,

316 905 548 987 quibus
590 919 816 983 regem
860 899 1114 982 saeculi,

310 1014 519 1072 morte
555 1004 697 1088 jam
741 1001 1039 1087 deposita

310 1112 518 1195 primo
567 1115 665 1173 est
712 1108 968 1171 intuita!

311 1215 473 1280 Haeo
517 1220 618 1278 est
659 1213 774 1277 illa
815 1212 1082 1294 femina,
1377 1208 1460 1275 20

314 1320 501 1403 eujus
548 1324 779 1385 cuneta
824 1318 1091 1383 erimina

316 1423 403 1487 ad
449 1421 690 1487 Christi
731 1422 1011 1503 vestigia

315 1525 458 1610 ejus
502 1524 664 1591 lavit
708 1524 936 1606 gratia.

315 1663 474 1742 Quae
523 1663 673 1727 dum
716 1662 934 1746 plorat
978 1665 1046 1724 et
1088 1677 1268 1725 mens
1299 1666 1461 1741 orat,

316 1768 493 1833 facto
522 1767 775 1851 clamat,
815 1765 988 1849 quod
1018 1782 1133 1830 cor
1161 1771 1334 1828 amat
1379 1764 1461 1826 25

314 1868 639 1935 Christum
683 1886 880 1952 super
919 1868 1149 1931 omnia.

313 1974 375 2037 N
377 1992 460 2038 on
505 1975 795 2057 ignorat,
842 1991 1032 2054 quem
1078 1970 1340 2052 adorat,

318 2075 471 2160 quid
513 2083 848 2159 precetur,
895 2093 1042 2137 nam
1088 2072 1377 2153 deletur,

316 2176 490 2260 quod
534 2195 715 2240 mens
758 2177 939 2239 timet
984 2175 1262 2239 conseia.

319 2314 373 2380 Ο
419 2315 659 2397 Maria,
705 2319 915 2378 mater
958 2312 1097 2396 pia,
1378 2311 1462 2375 30

316 2421 509 2486 stella
550 2421 750 2485 maris
795 2419 1147 2519 appellaris

317 2543 586 2610 operum
629 2543 751 2611 per
793 2524 1039 2587 merita.

1663 426 1863 493 Matri
1909 424 2152 491 Christi
2196 426 2347 492 dum
2392 427 2569 492 fuisti

1667 537 2037 613 coaequata,
2082 530 2177 595 sie
2219 539 2490 615 vocata,

1663 634 1782 699 sed
1825 634 2074 699 honore
2119 634 2392 701 subdita.
2726 636 2810 699 35

1562 827 1622 889 3.
1668 823 1787 890 Illa
1830 824 2049 890 mundi
2090 826 2470 908 imperatrix
2488 876 2506 912 ‚

1659 930 1785 994 ista
1829 933 2023 996 beata
2066 930 2404 1014 peccatrix

1666 1033 1914 1099 laetitiae
1957 1034 2315 1120 prim0rdia

1667 1138 1972 1204 fuderunt
2015 1140 2081 1205 in
2129 1141 2423 1205 ecelesia.
2784 1189 2789 1194 .

1668 1241 1791 1308 ma
1835 1244 2004 1307 enim
2048 1244 2167 1307 fuit
2208 1250 2433 1327 porta,
2731 1246 2817 1308 40

1663 1366 1780 1430 per
1827 1366 2015 1430 quam
2057 1350 2288 1414 mundo
2333 1348 2442 1413 lucc
2486 1354 2581 1414 est
2619 1354 2776 1431 orta,

1672 1449 1820 1516 haee
1863 1452 2266 1535 resurgentis
2310 1453 2533 1519 nuntia

1668 1553 1974 1619 mundum
2015 1555 2233 1640 replet
2276 1555 2519 1621 laetitia.

1671 1687 1724 1753 Ο
1767 1691 1982 1755 Maria
2028 1691 2463 1777 Magdalena‚

1672 1793 1823 1859 audi
1866 1802 2025 1859 vota
2068 1795 2260 1860 laude
2305 1796 2502 1881 plena
2518 1844 2537 1881 ,
2731 1802 2816 1864 45

1584 1943 1593 1951 -
1673 1896 1848 1980 apud
1894 1896 2219 1964 Christum
2264 1900 2530 1966 chorum
2572 1902 2762 1969 istum

1674 2002 2026 2067 elementer
2073 2005 2377 2085 concilia3

1672 2103 1761 2172 Ut
1803 2107 1950 2173 fons
1994 2128 2256 2173 summae
2294 2110 2586 2193 pietatis,

1676 2213 1784 2296 qui
1826 2220 1894 2277 te
1939 2213 2100 2277 lavit
2143 2234 2184 2277 a
2232 2214 2554 2297 peccatis,

1676 2334 1907 2383 servos
1951 2335 2102 2381 suos
2147 2324 2342 2400 atque
2386 2325 2535 2383 tuos
2656 2396 2659 2401 Ι
2737 2322 2821 2384 50

1759 2418 2022 2484 mundet
2065 2418 2219 2484 data
2260 2419 2471 2484 venia,

1756 2540 1943 2585 amen
1990 2520 2208 2588 dicant
2250 2525 2479 2588 omnia.

385 2711 481 2766 Hs.
529 2726 598 2763 zu
644 2708 923 2778 Freiburg
974 2706 1079 2761 No.
1114 2706 1199 2760 66.
1253 2707 1322 2758 15
1358 2704 1552 2760 Jabrh.
1610 2706 1741 2774 (A).
1813 2704 2025 2760 Textus
2074 2711 2486 2778 sequentiarum
2533 2727 2576 2766 s.
2612 2712 2649 2765 l.
2684 2727 2733 2767 e.
2771 2728 2820 2768 a.

211 2796 317 2857 fol.
352 2801 422 2854 37
460 2799 583 2868 (Β).
655 2797 758 2852 Bei
794 2795 1157 2853 Glichtoveus
1192 2792 1404 2847 Elueid.
1439 2789 1479 2846 f.
1517 2794 1623 2846 167
1660 2792 1784 2861 (C).
1854 2794 2015 2874 Auch
2049 2794 2142 2850 bei
2179 2798 2378 2853 Daniel
2411 2802 2463 2867 2,
2497 2800 2618 2854 255.

388 2886 587 2942 Dieses
620 2883 755 2939 Lied
789 2883 1017 2938 besteht
1052 2897 1154 2937 aus
1191 2883 1226 2935 3
1261 2879 1561 2948 Absatzem
1592 2878 1762 2951 jeder
1797 2896 1899 2934 aus
1933 2882 1968 2934 2
1999 2882 2259 2954 Theilen3
2302 2885 2402 2940 der
2430 2891 2580 2941 erste
2604 2886 2818 2944 Absatz

209 2977 314 3031 hat
350 2971 679 3042 dreizeilige
707 2970 1006 3041 Strophen‚
1042 2985 1257 3025 wovon
1292 2968 1440 3022 zwei
1475 2968 1582 3023 den
1606 2967 1870 3039 Eingang
1908 2971 2016 3023 und
2052 2971 2178 3025 drei
2215 2972 2322 3027 den
2350 2972 2582 3027 Schluss
2611 2973 2818 3047 bilden,

214 3063 318 3118 der
355 3060 557 3115 zweite
594 3060 694 3114 hat
727 3062 762 3112 2
797 3056 1129 3127 vierzeilige
1165 3055 1451 3125 Strophen
1485 3071 1610 3109 zum
1643 3055 1904 3127 Eingang
1939 3057 2049 3110 und
2083 3060 2119 3111 4
2148 3057 2472 3130 dreizeilige
2499 3060 2599 3115 mit
2615 3061 2823 3118 Mittel-

210 3151 428 3207 reimen
474 3160 599 3202 zum
646 3144 940 3215 Schlusse,
1002 3144 1103 3199 der
1156 3142 1325 3197 dritte
1377 3145 1414 3196 2
1465 3141 1795 3212 vierzeilige
1846 3142 2129 3213 Strophen
2180 3145 2282 3199 mit
2333 3146 2821 3205 abwechselndem

211 3233 450 3295 Tonfall
495 3250 619 3289 zum
653 3233 916 3304 Eingang
961 3231 1072 3295 und
1117 3234 1153 3286 2
1189 3229 1551 3302 viel-mingo,
1613 3229 1801 3286 werin
1836 3230 1926 3285 die
1962 3230 2295 3287 Versmasse
2343 3233 2443 3288 des
2480 3242 2672 3291 ersten
2705 3237 2819 3295 und

209 3323 457 3380 zweiten
490 3321 766 3377 Absatzes
803 3319 1090 3391 vereinigt
1123 3320 1277 3389 sind,
1341 3335 1465 3374 zum
1500 3318 1782 3374 Schlnsse.
1862 3320 2053 3374 Durch
2088 3320 2241 3374 diese
2281 3318 2683 3397 Verfleehtung
2719 3324 2820 3381 der

213 3411 548 3467 Versmasse
594 3410 774 3481 hangt
820 3407 920 3462 das
956 3407 1094 3463 Lied
1141 3408 1286 3462 auch
1335 3405 1395 3461 in
1446 3406 1632 3460 seiner
1668 3407 1902 3461 aussern
1939 3407 2109 3463 Form
2142 3425 2471 3466 zusammen.
2539 3412 2607 3469 V.
2644 3417 2712 3470 41
2746 3415 2828 3473 ist

209 3515 320 3557 aus
357 3498 455 3552 der
489 3496 808 3567 Antiphone
842 3496 963 3550 Ave
1001 3494 1201 3567 regina
1235 3493 1500 3550 caelorum
1534 3491 1799 3550 entlehnt.

394 3605 429 3655 2
464 3601 557 3655 dei
591 3597 757 3669 filius,
795 3599 1150 3671 gewiinliehe
1185 3601 1399 3656 Lesart.
1453 3600 1485 3653 5
1522 3599 1789 3672 redigens
1823 3600 1887 3656 A.
1941 3599 1977 3653 6
2010 3615 2131 3655 cum
2158 3598 2305 3658 fehlt
2332 3604 2394 3659 Β.
2443 3605 2476 3660 8
2505 3605 2745 3662 omnium
2763 3608 2826 3663 Β.

217 3691 292 3744 10
326 3704 628 3761 resurgens
666 3689 727 3743 Β.
825 3690 890 3742 11
928 3686 1265 3758 Magdalena
1297 3687 1412 3743 AB.
1513 3688 1581 3741 19
1618 3685 1854 3757 primum
1899 3686 1976 3757 Β,
2021 3691 2202 3761 prima
2238 3692 2296 3747 C.
2385 3693 2456 3747 26
2489 3692 2679 3749 Jesum
2714 3693 2826 3751 Bo.

217 3779 298 3834 lm
334 3792 548 3849 ganzen
583 3774 750 3830 Liede
787 3774 1000 3831 kommt
1033 3775 1369 3831 absichtlieh
1404 3791 1508 3829 nur
1544 3776 1645 3830 der
1678 3776 1892 3832 Namen
1929 3777 2185 3833 Christus
2220 3794 2345 3848 vor,
2383 3779 2484 3834 der
2519 3780 2664 3833 auch
2698 3779 2822 3835 hier

218 3864 420 3920 stehen
453 3879 622 3931 mass,
657 3861 794 3916 weil
826 3861 939 3916 ihm
973 3861 1313 3933 magdalena
1347 3860 1424 3915 im
1455 3861 1647 3917 Leben
1682 3861 1772 3917 die
1806 3863 1979 3917 Fiisse
2015 3863 2242 3935 gesalbt
2276 3865 2376 3919 hat
2410 3865 2521 3919 und
2554 3866 2651 3920 ihn
2677 3866 2823 3920 auch

224 3950 302 4007 im
339 3951 494 4006 Tode
531 3948 726 4004 salben
762 3948 974 4004 wollte.
1044 3950 1116 4004 28
1152 3949 1305 4020 quod
1335 3950 1451 4018 AB,
1481 3949 1608 4022 jam
1640 3950 1754 4006 AB.
1823 3951 1909 4005 30.
1944 3951 2029 4004 31.
2065 3951 2109 4007 G
2151 3950 2455 4007 verindert
2491 3952 2581 4006 die
2615 3952 2824 4008 Mittel-

219 4037 395 4094 reime
433 4053 500 4092 so
537 4036 597 4090 in
631 4034 1066 4091 Schlussreime:
1121 4035 1168 4092 0
1202 4035 1400 4106 Maria,
1437 4036 1610 4091 stella
1635 4037 1824 4105 maris,
1857 4037 1955 4107 pia
1979 4044 2159 4094 mater
2192 4039 2517 4110 appellaris,
2553 4053 2676 4093 was
2705 4039 2822 4094 alle

220 4127 259 4180 3
296 4126 470 4180 Texte
507 4123 651 4179 auch
686 4121 778 4177 bei
810 4123 900 4192 33,
927 4123 998 4176 34
1032 4122 1168 4176 thun
1188 4162 1203 4192 ,
1241 4123 1388 4178 ohne
1424 4123 1557 4178 dass
1596 4123 1686 4179 die
1721 4123 2109 4198 Satzstellung
2143 4127 2394 4183 dadurch
2428 4127 2627 4182 besser
2660 4126 2822 4181 wird.

221 4215 296 4270 33
331 4216 628 4283 coaequata
664 4210 775 4281 CB,
811 4211 1208 4282 coaequandum
1243 4212 1309 4268 A.
1377 4212 1450 4265 34
1485 4210 1614 4269 dum
1647 4209 1807 4267 fuisti
1840 4211 1963 4283 Bc,
2000 4218 2062 4269 tu
2098 4211 2257 4270 fuisti
2288 4215 2354 4269 A.
2425 4215 2661 4268 36—39
2699 4214 2823 4269 sind

221 4301 285 4356 in
318 4300 365 4358 G
399 4301 625 4355 40—43.
695 4300 764 4353 41
802 4313 967 4369 qnam
1001 4297 1156 4355 salus
1194 4303 1281 4354 est
1315 4304 1519 4354 exorta
1553 4299 1616 4355 B.
1687 4301 1757 4353 52
1790 4315 1894 4371 per
1930 4302 2114 4357 omnia
2148 4302 2211 4357 B.
2281 4303 2351 4356 53
2386 4299 2532 4357 fehlt
2567 4301 2625 4359 C.

400 4404 469 4460 V.
504 4407 590 4459 15.
642 4409 986 4474 exspectata,
1020 4405 1228 4463 beruht
1260 4402 1368 4461 auf
1391 4407 1589 4464 natth.
1626 4410 1710 4476 17,
1744 4410 1830 4463 23.
1883 4409 2055 4466 marc.
2089 4409 2140 4478 9,
2177 4411 2262 4464 31.

404 4493 471 4549 V.
507 4493 576 4548 1ss
609 4488 704 4563 fig.
758 4488 940 4549 maria
973 4492 1325 4565 magdalena,
1361 4494 1493 4565 quia
1529 4495 1879 4565 (Christum)
1915 4496 2141 4552 amabat
2168 4501 2228 4553 et
2254 4495 2560 4566 dubitabat,
2595 4496 2827 4553 videbat

225 4583 420 4652 (eum)
467 4585 528 4637 et
560 4595 676 4635 non
709 4578 1086 4652 agnoscebat,
1134 4598 1364 4653 eumque
1399 4581 1488 4636 illi
1535 4587 1593 4638 et
1628 4599 1786 4638 amor
1824 4583 2158 4640 ostendebat
2205 4589 2265 4640 et
2299 4583 2552 4641 dubietas
2588 4585 2825 4641 abseon-

227 4667 418 4727 debat.
488 4668 706 4740 Greqor.
741 4682 808 4723 m.
843 4666 987 4721 hom.
1020 4668 1081 4723 in
1114 4684 1201 4725 ev,
1235 4673 1290 4742 2,
1322 4672 1412 4742 25,
1445 4672 1496 4727 4.
1543 4670 1603 4733 Β.
1636 4670 1743 4735 No.
1778 4672 1900 4744 141,
1934 4672 2020 4729 26.

395 4786 573 4841 Mona,
601 4785 770 4841 latein.
804 4786 1051 4846 Hymen.
1080 4785 1121 4835 1.
2313 4766 2399 4831 15
