<?xml version="1.0" encoding="UTF-8"?>
<!DOCTYPE html PUBLIC "-//W3C//DTD XHTML 1.0 Transitional//EN"
    "http://www.w3.org/TR/xhtml1/DTD/xhtml1-transitional.dtd">
<html xmlns="http://www.w3.org/1999/xhtml" xml:lang="en" lang="en">
 <head>
  <title>
</title>
<meta http-equiv="Content-Type" content="text/html;charset=utf-8" />
  <meta name='ocr-system' content='tesseract 3.04.00' />
  <meta name='ocr-capabilities' content='ocr_page ocr_carea ocr_par ocr_line ocrx_word'/>
</head>
<body>
  <div class='ocr_page' id='page_1' title='image "./lateinischehymn00unkngoog_0125.png"; bbox 0 0 3159 5259; ppageno 0'>
   <div class='ocr_carea' id='block_1_1' title="bbox 2617 282 2755 353">
    <p class='ocr_par' dir='ltr' id='par_1_1' title="bbox 2617 282 2755 353">
     <span class='ocr_line' id='line_1_1' title="bbox 2617 282 2755 353; baseline 0.036 -4"><span class='ocrx_word' id='word_1_1' title='bbox 2617 282 2755 353; x_wconf 61' lang='lat' dir='ltr'><strong>1OE</strong></span> 
     </span>
    </p>
   </div>
   <div class='ocr_carea' id='block_1_2' title="bbox 117 469 2753 872">
    <p class='ocr_par' dir='ltr' id='par_1_2' title="bbox 117 469 2753 659">
     <span class='ocr_line' id='line_1_2' title="bbox 117 469 2753 560; baseline -0.002 -20"><span class='ocrx_word' id='word_1_2' title='bbox 117 472 351 560; x_wconf 73' lang='lat' dir='ltr'><strong>cnjus</strong></span> <span class='ocrx_word' id='word_1_3' title='bbox 392 472 693 539; x_wconf 81' lang='lat' dir='ltr'><strong>efficacia</strong></span> <span class='ocrx_word' id='word_1_4' title='bbox 1503 470 1701 536; x_wconf 86' lang='lat' dir='ltr'><strong>ducat</strong></span> <span class='ocrx_word' id='word_1_5' title='bbox 1744 469 1832 537; x_wconf 81' lang='lat' dir='ltr'><strong>ad</strong></span> <span class='ocrx_word' id='word_1_6' title='bbox 1874 471 2119 556; x_wconf 78' lang='lat' dir='ltr'><strong>palatia</strong></span> <span class='ocrx_word' id='word_1_7' title='bbox 2668 471 2753 536; x_wconf 74' lang='lat'><strong>¹1⁶</strong></span> 
     </span>
     <span class='ocr_line' id='line_1_3' title="bbox 119 574 2321 659; baseline -0.002 -17"><span class='ocrx_word' id='word_1_8' title='bbox 119 577 303 643; x_wconf 80' lang='lat' dir='ltr'><strong>vicit</strong></span> <span class='ocrx_word' id='word_1_9' title='bbox 347 595 490 642; x_wconf 87' lang='lat' dir='ltr'><strong>cum</strong></span> <span class='ocrx_word' id='word_1_10' title='bbox 534 576 808 642; x_wconf 86' lang='lat' dir='ltr'><strong>audacia</strong></span> <span class='ocrx_word' id='word_1_11' title='bbox 1591 574 1739 641; x_wconf 84' lang='lat' dir='ltr'><strong>coeli</strong></span> <span class='ocrx_word' id='word_1_12' title='bbox 1782 583 2046 642; x_wconf 84' lang='lat' dir='ltr'><strong>cunctas</strong></span> <span class='ocrx_word' id='word_1_13' title='bbox 2090 583 2321 659; x_wconf 80' lang='lat' dir='ltr'><strong>gentes</strong></span> 
     </span>
    </p>

    <p class='ocr_par' dir='ltr' id='par_1_3' title="bbox 124 672 2248 872">
     <span class='ocr_line' id='line_1_4' title="bbox 228 672 2248 749; baseline -0.001 -4"><span class='ocrx_word' id='word_1_14' title='bbox 228 672 593 749; x_wconf 74' lang='lat' dir='ltr'><strong>Bai-rabam</strong></span> <span class='ocrx_word' id='word_1_15' title='bbox 639 680 947 747; x_wconf 84' lang='lat' dir='ltr'><strong>diceutes.</strong></span> <span class='ocrx_word' id='word_1_16' title='bbox 1587 679 1654 743; x_wconf 90' lang='lat' dir='ltr'><strong>in</strong></span> <span class='ocrx_word' id='word_1_17' title='bbox 1700 699 1845 744; x_wconf 85' lang='lat' dir='ltr'><strong>eum</strong></span> <span class='ocrx_word' id='word_1_18' title='bbox 1888 678 2248 747; x_wconf 85' lang='lat' dir='ltr'><strong>credentes.</strong></span> 
     </span>
     <span class='ocr_line' id='line_1_5' title="bbox 124 787 809 872; baseline -0.004 -17"><span class='ocrx_word' id='word_1_19' title='bbox 124 806 283 855; x_wconf 72' lang='lat' dir='ltr'><strong>811ae</strong></span> <span class='ocrx_word' id='word_1_20' title='bbox 325 787 551 852; x_wconf 86' lang='lat' dir='ltr'><strong>mortis</strong></span> <span class='ocrx_word' id='word_1_21' title='bbox 593 788 809 872; x_wconf 81' lang='lat' dir='ltr'><strong>gratia</strong></span> 
     </span>
    </p>
   </div>
   <div class='ocr_carea' id='block_1_3' title="bbox 124 994 2751 1246">
    <p class='ocr_par' dir='ltr' id='par_1_4' title="bbox 124 994 2751 1246">
     <span class='ocr_line' id='line_1_6' title="bbox 320 994 2751 1065; baseline 0 -8"><span class='ocrx_word' id='word_1_22' title='bbox 320 997 417 1057; x_wconf 73' lang='lat' dir='ltr'><strong>ns.</strong></span> <span class='ocrx_word' id='word_1_23' title='bbox 461 1013 532 1053; x_wconf 76' lang='lat' dir='ltr'><strong>zu</strong></span> <span class='ocrx_word' id='word_1_24' title='bbox 567 996 917 1065; x_wconf 74' lang='lat' dir='ltr'><strong>uarmstadt,</strong></span> <span class='ocrx_word' id='word_1_25' title='bbox 971 997 1091 1052; x_wconf 79' lang='lat' dir='ltr'><strong>alte</strong></span> <span class='ocrx_word' id='word_1_26' title='bbox 1135 994 1240 1052; x_wconf 86' lang='lat' dir='ltr'><strong>No.</strong></span> <span class='ocrx_word' id='word_1_27' title='bbox 1275 996 1396 1051; x_wconf 64' lang='lat'><strong>845.</strong></span> <span class='ocrx_word' id='word_1_28' title='bbox 1447 994 1547 1051; x_wconf 83' lang='lat' dir='ltr'><strong>des</strong></span> <span class='ocrx_word' id='word_1_29' title='bbox 1586 997 1653 1050; x_wconf 81' lang='lat'><strong>15</strong></span> <span class='ocrx_word' id='word_1_30' title='bbox 1689 994 2115 1051; x_wconf 78' lang='lat' dir='ltr'><strong>Jahrhunderts.</strong></span> <span class='ocrx_word' id='word_1_31' title='bbox 2185 997 2298 1054; x_wconf 77' lang='lat' dir='ltr'><strong>Das</strong></span> <span class='ocrx_word' id='word_1_32' title='bbox 2333 997 2470 1053; x_wconf 81' lang='lat' dir='ltr'><strong>Lied</strong></span> <span class='ocrx_word' id='word_1_33' title='bbox 2506 998 2606 1055; x_wconf 79' lang='lat' dir='ltr'><strong>hat</strong></span> <span class='ocrx_word' id='word_1_34' title='bbox 2639 1014 2751 1059; x_wconf 84' lang='lat' dir='ltr'><strong>nur</strong></span> 
     </span>
     <span class='ocr_line' id='line_1_7' title="bbox 124 1082 2751 1157; baseline 0.001 -15"><span class='ocrx_word' id='word_1_35' title='bbox 124 1085 316 1142; x_wconf 66' lang='lat' dir='ltr'><strong>svei-</strong></span> <span class='ocrx_word' id='word_1_36' title='bbox 368 1084 481 1143; x_wconf 76' lang='lat' dir='ltr'><strong>und</strong></span> <span class='ocrx_word' id='word_1_37' title='bbox 539 1084 927 1157; x_wconf 72' lang='lat' dir='ltr'><strong>dreisylbigen</strong></span> <span class='ocrx_word' id='word_1_38' title='bbox 960 1084 1118 1140; x_wconf 81' lang='lat' dir='ltr'><strong>Reim</strong></span> <span class='ocrx_word' id='word_1_39' title='bbox 1136 1124 1152 1154; x_wconf 91' lang='lat'><strong>,</strong></span> <span class='ocrx_word' id='word_1_40' title='bbox 1215 1083 1327 1139; x_wconf 71' lang='lat' dir='ltr'><strong>vie</strong></span> <span class='ocrx_word' id='word_1_41' title='bbox 1373 1100 1437 1139; x_wconf 87' lang='lat' dir='ltr'><strong>er</strong></span> <span class='ocrx_word' id='word_1_42' title='bbox 1473 1083 1585 1139; x_wconf 72' lang='lat' dir='ltr'><strong>nsit</strong></span> <span class='ocrx_word' id='word_1_43' title='bbox 1618 1082 1742 1139; x_wconf 79' lang='lat' dir='ltr'><strong>dem</strong></span> <span class='ocrx_word' id='word_1_44' title='bbox 1775 1084 1930 1141; x_wconf 72' lang='lat' dir='ltr'><strong>Eudo</strong></span> <span class='ocrx_word' id='word_1_45' title='bbox 1968 1083 2067 1140; x_wconf 83' lang='lat' dir='ltr'><strong>des</strong></span> <span class='ocrx_word' id='word_1_46' title='bbox 2105 1087 2173 1139; x_wconf 85' lang='lat'><strong>12</strong></span> <span class='ocrx_word' id='word_1_47' title='bbox 2208 1085 2408 1157; x_wconf 54' lang='lat' dir='ltr'><strong>Jahrh,</strong></span> <span class='ocrx_word' id='word_1_48' title='bbox 2439 1086 2751 1147; x_wconf 73' lang='lat' dir='ltr'><strong>besonderu</strong></span> 
     </span>
     <span class='ocr_line' id='line_1_8' title="bbox 126 1172 2450 1246; baseline -0.001 -15"><span class='ocrx_word' id='word_1_49' title='bbox 126 1183 261 1233; x_wconf 75' lang='lat' dir='ltr'><strong>von</strong></span> <span class='ocrx_word' id='word_1_50' title='bbox 293 1172 719 1231; x_wconf 74' lang='lat' dir='ltr'><strong>franzosischen</strong></span> <span class='ocrx_word' id='word_1_51' title='bbox 752 1173 1020 1231; x_wconf 74' lang='lat' dir='ltr'><strong>Dichter-n</strong></span> <span class='ocrx_word' id='word_1_52' title='bbox 1053 1173 1155 1230; x_wconf 84' lang='lat' dir='ltr'><strong>mit</strong></span> <span class='ocrx_word' id='word_1_53' title='bbox 1190 1189 1429 1246; x_wconf 77' lang='lat' dir='ltr'><strong>grosser</strong></span> <span class='ocrx_word' id='word_1_54' title='bbox 1462 1173 1859 1230; x_wconf 74' lang='lat' dir='ltr'><strong>Gewandtheit</strong></span> <span class='ocrx_word' id='word_1_55' title='bbox 1893 1172 2206 1245; x_wconf 73' lang='lat' dir='ltr'><strong>gebraucht</strong></span> <span class='ocrx_word' id='word_1_56' title='bbox 2237 1174 2450 1231; x_wconf 81' lang='lat' dir='ltr'><strong>wurde.</strong></span> 
     </span>
    </p>
   </div>
   <div class='ocr_carea' id='block_1_4' title="bbox 118 1311 2754 1564">
    <p class='ocr_par' dir='ltr' id='par_1_5' title="bbox 118 1311 2754 1564">
     <span class='ocr_line' id='line_1_9' title="bbox 320 1311 2753 1386; baseline -0.003 -11"><span class='ocrx_word' id='word_1_57' title='bbox 320 1321 392 1374; x_wconf 72' lang='lat'><strong>’13</strong></span> <span class='ocrx_word' id='word_1_58' title='bbox 427 1317 753 1375; x_wconf 73' lang='lat' dir='ltr'><strong>barathrum</strong></span> <span class='ocrx_word' id='word_1_59' title='bbox 788 1316 882 1372; x_wconf 71' lang='lat' dir='ltr'><strong>nn.</strong></span> <span class='ocrx_word' id='word_1_60' title='bbox 903 1355 921 1386; x_wconf 91' lang='lat'><strong>,</strong></span> <span class='ocrx_word' id='word_1_61' title='bbox 982 1316 1131 1371; x_wconf 87' lang='lat' dir='ltr'><strong>ohne</strong></span> <span class='ocrx_word' id='word_1_62' title='bbox 1166 1314 1321 1371; x_wconf 85' lang='lat' dir='ltr'><strong>Sinn.</strong></span> <span class='ocrx_word' id='word_1_63' title='bbox 1392 1312 1581 1369; x_wconf 87' lang='lat' dir='ltr'><strong>Durch</strong></span> <span class='ocrx_word' id='word_1_64' title='bbox 1632 1313 1733 1368; x_wconf 81' lang='lat' dir='ltr'><strong>das</strong></span> <span class='ocrx_word' id='word_1_65' title='bbox 1782 1327 1962 1385; x_wconf 74' lang='lat' dir='ltr'><strong>ganzo</strong></span> <span class='ocrx_word' id='word_1_66' title='bbox 2007 1311 2146 1366; x_wconf 84' lang='lat' dir='ltr'><strong>Lied</strong></span> <span class='ocrx_word' id='word_1_67' title='bbox 2197 1311 2311 1367; x_wconf 78' lang='lat' dir='ltr'><strong>wie</strong></span> <span class='ocrx_word' id='word_1_68' title='bbox 2363 1313 2541 1367; x_wconf 80' lang='lat' dir='ltr'><strong>durch</strong></span> <span class='ocrx_word' id='word_1_69' title='bbox 2592 1312 2753 1368; x_wconf 67' lang='lat' dir='ltr'><strong>dieue</strong></span> 
     </span>
     <span class='ocr_line' id='line_1_10' title="bbox 118 1397 2754 1479; baseline -0.005 -13"><span class='ocrx_word' id='word_1_70' title='bbox 118 1407 396 1477; x_wconf 68' lang='lat' dir='ltr'><strong>scropha</strong></span> <span class='ocrx_word' id='word_1_71' title='bbox 442 1406 582 1479; x_wconf 81' lang='lat' dir='ltr'><strong>geht</strong></span> <span class='ocrx_word' id='word_1_72' title='bbox 631 1405 734 1460; x_wconf 87' lang='lat' dir='ltr'><strong>der</strong></span> <span class='ocrx_word' id='word_1_73' title='bbox 768 1404 1085 1476; x_wconf 69' lang='lat' dir='ltr'><strong>Gegensatz</strong></span> <span class='ocrx_word' id='word_1_74' title='bbox 1133 1401 1238 1457; x_wconf 87' lang='lat' dir='ltr'><strong>der</strong></span> <span class='ocrx_word' id='word_1_75' title='bbox 1270 1399 1453 1457; x_wconf 82' lang='lat' dir='ltr'><strong>Juden</strong></span> <span class='ocrx_word' id='word_1_76' title='bbox 1506 1400 1621 1456; x_wconf 79' lang='lat' dir='ltr'><strong>und</strong></span> <span class='ocrx_word' id='word_1_77' title='bbox 1656 1399 1870 1455; x_wconf 76' lang='lat' dir='ltr'><strong>Heiden</strong></span> <span class='ocrx_word' id='word_1_78' title='bbox 1887 1439 1903 1469; x_wconf 97' lang='lat'><strong>,</strong></span> <span class='ocrx_word' id='word_1_79' title='bbox 1965 1397 2141 1453; x_wconf 88' lang='lat' dir='ltr'><strong>daher</strong></span> <span class='ocrx_word' id='word_1_80' title='bbox 2195 1398 2286 1453; x_wconf 82' lang='lat' dir='ltr'><strong>die</strong></span> <span class='ocrx_word' id='word_1_81' title='bbox 2321 1397 2754 1473; x_wconf 73' lang='lat' dir='ltr'><strong>Verbesserung</strong></span> 
     </span>
     <span class='ocr_line' id='line_1_11' title="bbox 127 1489 1094 1564; baseline -0.004 -14"><span class='ocrx_word' id='word_1_82' title='bbox 127 1493 455 1550; x_wconf 76' lang='lat' dir='ltr'><strong>Bai-rabam</strong></span> <span class='ocrx_word' id='word_1_83' title='bbox 489 1490 595 1546; x_wconf 77' lang='lat' dir='ltr'><strong>m‘r</strong></span> <span class='ocrx_word' id='word_1_84' title='bbox 628 1490 831 1564; x_wconf 63' lang='lat' dir='ltr'><strong>nothis</strong></span> <span class='ocrx_word' id='word_1_85' title='bbox 864 1489 1094 1546; x_wconf 87' lang='lat' dir='ltr'><strong>scheiut.</strong></span> 
     </span>
    </p>
   </div>
   <div class='ocr_carea' id='block_1_5' title="bbox 126 1626 2758 2843">
    <p class='ocr_par' dir='ltr' id='par_1_6' title="bbox 126 1626 2758 2843">
     <span class='ocr_line' id='line_1_12' title="bbox 322 1626 2756 1702; baseline 0 -18"><span class='ocrx_word' id='word_1_86' title='bbox 322 1629 389 1684; x_wconf 89' lang='lat' dir='ltr'><strong>V.</strong></span> <span class='ocrx_word' id='word_1_87' title='bbox 425 1630 472 1686; x_wconf 84' lang='lat'><strong>8.</strong></span> <span class='ocrx_word' id='word_1_88' title='bbox 518 1629 761 1702; x_wconf 87' lang='lat' dir='ltr'><strong>justitia.</strong></span> <span class='ocrx_word' id='word_1_89' title='bbox 814 1628 1018 1685; x_wconf 85' lang='lat' dir='ltr'><strong>Diesen</strong></span> <span class='ocrx_word' id='word_1_90' title='bbox 1045 1628 1342 1685; x_wconf 82' lang='lat' dir='ltr'><strong>Ausdruck</strong></span> <span class='ocrx_word' id='word_1_91' title='bbox 1376 1628 1597 1683; x_wconf 67' lang='lat' dir='ltr'><strong>erklirt</strong></span> <span class='ocrx_word' id='word_1_92' title='bbox 1622 1627 1828 1682; x_wconf 77' lang='lat' dir='ltr'><strong>Anselm</strong></span> <span class='ocrx_word' id='word_1_93' title='bbox 1856 1626 2103 1685; x_wconf 76' lang='lat' dir='ltr'><strong>Canluar.</strong></span> <span class='ocrx_word' id='word_1_94' title='bbox 2138 1641 2239 1683; x_wconf 87' lang='lat' dir='ltr'><strong>cur</strong></span> <span class='ocrx_word' id='word_1_95' title='bbox 2265 1626 2400 1681; x_wconf 88' lang='lat' dir='ltr'><strong>deus</strong></span> <span class='ocrx_word' id='word_1_96' title='bbox 2427 1628 2607 1685; x_wconf 90' lang='lat' dir='ltr'><strong>homo.</strong></span> <span class='ocrx_word' id='word_1_97' title='bbox 2628 1629 2677 1695; x_wconf 88' lang='lat'><strong>1,</strong></span> <span class='ocrx_word' id='word_1_98' title='bbox 2698 1629 2756 1686; x_wconf 74' lang='grc'><strong>7.</strong></span> 
     </span>
     <span class='ocr_line' id='line_1_13' title="bbox 128 1714 2753 1790; baseline -0.002 -15"><span class='ocrx_word' id='word_1_99' title='bbox 128 1718 301 1775; x_wconf 71' lang='lat' dir='ltr'><strong>also:</strong></span> <span class='ocrx_word' id='word_1_100' title='bbox 368 1718 515 1772; x_wconf 84' lang='lat' dir='ltr'><strong>Deus</strong></span> <span class='ocrx_word' id='word_1_101' title='bbox 552 1716 743 1772; x_wconf 82' lang='lat' dir='ltr'><strong>debuit</strong></span> <span class='ocrx_word' id='word_1_102' title='bbox 776 1716 934 1788; x_wconf 85' lang='lat' dir='ltr'><strong>prius</strong></span> <span class='ocrx_word' id='word_1_103' title='bbox 971 1733 1076 1788; x_wconf 84' lang='lat' dir='ltr'><strong>per</strong></span> <span class='ocrx_word' id='word_1_104' title='bbox 1103 1716 1387 1790; x_wconf 80' lang='lat' dir='ltr'><strong>justitiam</strong></span> <span class='ocrx_word' id='word_1_105' title='bbox 1422 1720 1626 1772; x_wconf 86' lang='lat' dir='ltr'><strong>contra</strong></span> <span class='ocrx_word' id='word_1_106' title='bbox 1662 1714 1948 1771; x_wconf 82' lang='lat' dir='ltr'><strong>diabolum</strong></span> <span class='ocrx_word' id='word_1_107' title='bbox 1983 1730 2190 1786; x_wconf 77' lang='lat' dir='ltr'><strong>agere,</strong></span> <span class='ocrx_word' id='word_1_108' title='bbox 2242 1719 2305 1770; x_wconf 90' lang='lat' dir='ltr'><strong>ut</strong></span> <span class='ocrx_word' id='word_1_109' title='bbox 2339 1714 2614 1770; x_wconf 86' lang='lat' dir='ltr'><strong>liberaret</strong></span> <span class='ocrx_word' id='word_1_110' title='bbox 2647 1716 2753 1771; x_wconf 89' lang='lat' dir='ltr'><strong>ho-</strong></span> 
     </span>
     <span class='ocr_line' id='line_1_14' title="bbox 129 1800 2756 1874; baseline 0 -14"><span class='ocrx_word' id='word_1_111' title='bbox 129 1802 363 1873; x_wconf 82' lang='lat' dir='ltr'><strong>minem,</strong></span> <span class='ocrx_word' id='word_1_112' title='bbox 400 1819 564 1874; x_wconf 83' lang='lat' dir='ltr'><strong>quam</strong></span> <span class='ocrx_word' id='word_1_113' title='bbox 598 1820 703 1874; x_wconf 84' lang='lat' dir='ltr'><strong>per</strong></span> <span class='ocrx_word' id='word_1_114' title='bbox 739 1800 1152 1872; x_wconf 85' lang='lat' dir='ltr'><strong>fortitudinem,</strong></span> <span class='ocrx_word' id='word_1_115' title='bbox 1190 1808 1278 1873; x_wconf 85' lang='lat' dir='ltr'><strong>ut,</strong></span> <span class='ocrx_word' id='word_1_116' title='bbox 1316 1819 1437 1858; x_wconf 88' lang='lat' dir='ltr'><strong>cum</strong></span> <span class='ocrx_word' id='word_1_117' title='bbox 1472 1802 1735 1861; x_wconf 70' lang='lat' dir='ltr'><strong>diabolus</strong></span> <span class='ocrx_word' id='word_1_118' title='bbox 1771 1818 1925 1872; x_wconf 84' lang='lat' dir='ltr'><strong>eum,</strong></span> <span class='ocrx_word' id='word_1_119' title='bbox 1960 1801 2019 1856; x_wconf 89' lang='lat' dir='ltr'><strong>in</strong></span> <span class='ocrx_word' id='word_1_120' title='bbox 2055 1819 2167 1873; x_wconf 82' lang='lat' dir='ltr'><strong>quo</strong></span> <span class='ocrx_word' id='word_1_121' title='bbox 2194 1802 2350 1858; x_wconf 87' lang='lat' dir='ltr'><strong>nulla</strong></span> <span class='ocrx_word' id='word_1_122' title='bbox 2388 1803 2589 1859; x_wconf 85' lang='lat' dir='ltr'><strong>mortis</strong></span> <span class='ocrx_word' id='word_1_123' title='bbox 2626 1806 2756 1861; x_wconf 78' lang='lat' dir='ltr'><strong>erat</strong></span> 
     </span>
     <span class='ocr_line' id='line_1_15' title="bbox 132 1890 2758 1965; baseline -0.001 -16"><span class='ocrx_word' id='word_1_124' title='bbox 132 1906 320 1949; x_wconf 74' lang='lat' dir='ltr'><strong>causa</strong></span> <span class='ocrx_word' id='word_1_125' title='bbox 355 1897 414 1946; x_wconf 80' lang='lat' dir='ltr'><strong>et</strong></span> <span class='ocrx_word' id='word_1_126' title='bbox 450 1892 543 1965; x_wconf 78' lang='lat' dir='ltr'><strong>qui</strong></span> <span class='ocrx_word' id='word_1_127' title='bbox 579 1892 717 1949; x_wconf 86' lang='lat' dir='ltr'><strong>deus</strong></span> <span class='ocrx_word' id='word_1_128' title='bbox 755 1897 908 1961; x_wconf 87' lang='lat' dir='ltr'><strong>erat,</strong></span> <span class='ocrx_word' id='word_1_129' title='bbox 946 1890 1259 1961; x_wconf 88' lang='lat' dir='ltr'><strong>occideret,</strong></span> <span class='ocrx_word' id='word_1_130' title='bbox 1287 1891 1446 1965; x_wconf 81' lang='lat' dir='ltr'><strong>juste</strong></span> <span class='ocrx_word' id='word_1_131' title='bbox 1481 1896 1848 1962; x_wconf 82' lang='lat' dir='ltr'><strong>potestatem,</strong></span> <span class='ocrx_word' id='word_1_132' title='bbox 1884 1905 2048 1960; x_wconf 82' lang='lat' dir='ltr'><strong>quam</strong></span> <span class='ocrx_word' id='word_1_133' title='bbox 2084 1906 2255 1962; x_wconf 85' lang='lat' dir='ltr'><strong>super</strong></span> <span class='ocrx_word' id='word_1_134' title='bbox 2288 1897 2618 1962; x_wconf 77' lang='lat' dir='ltr'><strong>peccatores</strong></span> <span class='ocrx_word' id='word_1_135' title='bbox 2654 1891 2758 1947; x_wconf 82' lang='lat' dir='ltr'><strong>ha-</strong></span> 
     </span>
     <span class='ocr_line' id='line_1_16' title="bbox 130 1976 2754 2054; baseline 0 -21"><span class='ocrx_word' id='word_1_136' title='bbox 130 1979 336 2047; x_wconf 82' lang='lat' dir='ltr'><strong>behat,</strong></span> <span class='ocrx_word' id='word_1_137' title='bbox 372 1978 670 2048; x_wconf 83' lang='lat' dir='ltr'><strong>amitteret,</strong></span> <span class='ocrx_word' id='word_1_138' title='bbox 707 1977 957 2050; x_wconf 83' lang='lat' dir='ltr'><strong>alioquin</strong></span> <span class='ocrx_word' id='word_1_139' title='bbox 992 1981 1260 2054; x_wconf 86' lang='lat' dir='ltr'><strong>injustam</strong></span> <span class='ocrx_word' id='word_1_140' title='bbox 1294 1978 1624 2034; x_wconf 81' lang='lat' dir='ltr'><strong>violentiam</strong></span> <span class='ocrx_word' id='word_1_141' title='bbox 1660 1976 1892 2033; x_wconf 77' lang='lat' dir='ltr'><strong>fecisset</strong></span> <span class='ocrx_word' id='word_1_142' title='bbox 1927 1977 2014 2031; x_wconf 90' lang='lat' dir='ltr'><strong>illi</strong></span> <span class='ocrx_word' id='word_1_143' title='bbox 2033 2018 2047 2047; x_wconf 99' lang='lat'><strong>,</strong></span> <span class='ocrx_word' id='word_1_144' title='bbox 2083 1977 2343 2047; x_wconf 85' lang='lat' dir='ltr'><strong>quoniam</strong></span> <span class='ocrx_word' id='word_1_145' title='bbox 2372 1978 2529 2050; x_wconf 85' lang='lat' dir='ltr'><strong>juste</strong></span> <span class='ocrx_word' id='word_1_146' title='bbox 2565 1978 2754 2049; x_wconf 84' lang='lat' dir='ltr'><strong>possi-</strong></span> 
     </span>
     <span class='ocr_line' id='line_1_17' title="bbox 137 2064 2754 2138; baseline 0 -17"><span class='ocrx_word' id='word_1_147' title='bbox 137 2064 323 2121; x_wconf 85' lang='lat' dir='ltr'><strong>debat</strong></span> <span class='ocrx_word' id='word_1_148' title='bbox 355 2065 659 2135; x_wconf 89' lang='lat' dir='ltr'><strong>hominem,</strong></span> <span class='ocrx_word' id='word_1_149' title='bbox 708 2083 869 2137; x_wconf 82' lang='lat' dir='ltr'><strong>quem</strong></span> <span class='ocrx_word' id='word_1_150' title='bbox 906 2084 1021 2123; x_wconf 92' lang='lat' dir='ltr'><strong>non</strong></span> <span class='ocrx_word' id='word_1_151' title='bbox 1059 2066 1182 2138; x_wconf 86' lang='lat' dir='ltr'><strong>ipse</strong></span> <span class='ocrx_word' id='word_1_152' title='bbox 1218 2066 1497 2122; x_wconf 85' lang='lat' dir='ltr'><strong>violenter</strong></span> <span class='ocrx_word' id='word_1_153' title='bbox 1533 2072 1879 2137; x_wconf 79' lang='lat' dir='ltr'><strong>attraxerat,</strong></span> <span class='ocrx_word' id='word_1_154' title='bbox 1930 2066 2030 2122; x_wconf 85' lang='lat' dir='ltr'><strong>sed</strong></span> <span class='ocrx_word' id='word_1_155' title='bbox 2065 2067 2209 2122; x_wconf 89' lang='lat' dir='ltr'><strong>idem</strong></span> <span class='ocrx_word' id='word_1_156' title='bbox 2245 2067 2413 2121; x_wconf 87' lang='lat' dir='ltr'><strong>homo</strong></span> <span class='ocrx_word' id='word_1_157' title='bbox 2450 2082 2512 2121; x_wconf 91' lang='lat' dir='ltr'><strong>se</strong></span> <span class='ocrx_word' id='word_1_158' title='bbox 2549 2070 2754 2136; x_wconf 86' lang='lat' dir='ltr'><strong>sponte</strong></span> 
     </span>
     <span class='ocr_line' id='line_1_18' title="bbox 134 2150 2756 2226; baseline 0 -17"><span class='ocrx_word' id='word_1_159' title='bbox 134 2154 224 2209; x_wconf 83' lang='lat' dir='ltr'><strong>ad</strong></span> <span class='ocrx_word' id='word_1_160' title='bbox 259 2152 417 2207; x_wconf 86' lang='lat' dir='ltr'><strong>illum</strong></span> <span class='ocrx_word' id='word_1_161' title='bbox 454 2153 787 2211; x_wconf 79' lang='lat' dir='ltr'><strong>contulerat.</strong></span> <span class='ocrx_word' id='word_1_162' title='bbox 844 2187 907 2196; x_wconf 88' lang='lat'>-</span> <span class='ocrx_word' id='word_1_163' title='bbox 980 2156 1148 2211; x_wconf 87' lang='lat' dir='ltr'><strong>Diese</strong></span> <span class='ocrx_word' id='word_1_164' title='bbox 1202 2154 1625 2226; x_wconf 80' lang='lat' dir='ltr'><strong>Gerechtigkeit</strong></span> <span class='ocrx_word' id='word_1_165' title='bbox 1677 2155 1877 2212; x_wconf 85' lang='lat' dir='ltr'><strong>Gottes</strong></span> <span class='ocrx_word' id='word_1_166' title='bbox 1932 2170 2118 2226; x_wconf 79' lang='lat' dir='ltr'><strong>gegen</strong></span> <span class='ocrx_word' id='word_1_167' title='bbox 2170 2154 2274 2209; x_wconf 87' lang='lat' dir='ltr'><strong>den</strong></span> <span class='ocrx_word' id='word_1_168' title='bbox 2324 2150 2523 2208; x_wconf 85' lang='lat' dir='ltr'><strong>Teufel</strong></span> <span class='ocrx_word' id='word_1_169' title='bbox 2570 2154 2756 2210; x_wconf 80' lang='lat' dir='ltr'><strong>heben</strong></span> 
     </span>
     <span class='ocr_line' id='line_1_19' title="bbox 138 2238 2757 2313; baseline 0 -17"><span class='ocrx_word' id='word_1_170' title='bbox 138 2241 333 2297; x_wconf 83' lang='lat' dir='ltr'><strong>sehon</strong></span> <span class='ocrx_word' id='word_1_171' title='bbox 367 2241 459 2296; x_wconf 84' lang='lat' dir='ltr'><strong>die</strong></span> <span class='ocrx_word' id='word_1_172' title='bbox 496 2242 647 2297; x_wconf 85' lang='lat' dir='ltr'><strong>alten</strong></span> <span class='ocrx_word' id='word_1_173' title='bbox 684 2240 1101 2299; x_wconf 81' lang='lat' dir='ltr'><strong>Schriftsteller</strong></span> <span class='ocrx_word' id='word_1_174' title='bbox 1134 2244 1377 2313; x_wconf 84' lang='lat' dir='ltr'><strong>hervor,</strong></span> <span class='ocrx_word' id='word_1_175' title='bbox 1412 2243 1687 2298; x_wconf 67' lang='lat' dir='ltr'><strong>wahrend</strong></span> <span class='ocrx_word' id='word_1_176' title='bbox 1723 2243 1812 2299; x_wconf 89' lang='lat' dir='ltr'><strong>die</strong></span> <span class='ocrx_word' id='word_1_177' title='bbox 1847 2242 2048 2297; x_wconf 88' lang='lat' dir='ltr'><strong>Lieder</strong></span> <span class='ocrx_word' id='word_1_178' title='bbox 2082 2259 2188 2297; x_wconf 87' lang='lat' dir='ltr'><strong>nur</strong></span> <span class='ocrx_word' id='word_1_179' title='bbox 2223 2241 2361 2295; x_wconf 85' lang='lat' dir='ltr'><strong>kurz</strong></span> <span class='ocrx_word' id='word_1_180' title='bbox 2398 2238 2606 2296; x_wconf 78' lang='lat' dir='ltr'><strong>darauf</strong></span> <span class='ocrx_word' id='word_1_181' title='bbox 2632 2240 2757 2296; x_wconf 92' lang='lat' dir='ltr'><strong>hin-</strong></span> 
     </span>
     <span class='ocr_line' id='line_1_20' title="bbox 138 2327 2756 2404; baseline 0 -20"><span class='ocrx_word' id='word_1_182' title='bbox 138 2329 379 2384; x_wconf 82' lang='lat' dir='ltr'><strong>weisen.</strong></span> <span class='ocrx_word' id='word_1_183' title='bbox 447 2329 507 2383; x_wconf 76' lang='lat' dir='ltr'><strong>lu</strong></span> <span class='ocrx_word' id='word_1_184' title='bbox 544 2327 806 2384; x_wconf 85' lang='lat' dir='ltr'><strong>conflictu</strong></span> <span class='ocrx_word' id='word_1_185' title='bbox 842 2335 998 2401; x_wconf 84' lang='lat' dir='ltr'><strong>(cum</strong></span> <span class='ocrx_word' id='word_1_186' title='bbox 1026 2332 1288 2403; x_wconf 87' lang='lat' dir='ltr'><strong>diabolo)</strong></span> <span class='ocrx_word' id='word_1_187' title='bbox 1325 2348 1431 2404; x_wconf 91' lang='lat' dir='ltr'><strong>pro</strong></span> <span class='ocrx_word' id='word_1_188' title='bbox 1468 2332 1633 2388; x_wconf 87' lang='lat' dir='ltr'><strong>nobis</strong></span> <span class='ocrx_word' id='word_1_189' title='bbox 1669 2331 1828 2400; x_wconf 86' lang='lat' dir='ltr'><strong>inito,</strong></span> <span class='ocrx_word' id='word_1_190' title='bbox 1863 2346 2068 2401; x_wconf 81' lang='lat' dir='ltr'><strong>magno</strong></span> <span class='ocrx_word' id='word_1_191' title='bbox 2107 2335 2165 2385; x_wconf 89' lang='lat' dir='ltr'><strong>et</strong></span> <span class='ocrx_word' id='word_1_192' title='bbox 2199 2328 2441 2384; x_wconf 88' lang='lat' dir='ltr'><strong>mirabili</strong></span> <span class='ocrx_word' id='word_1_193' title='bbox 2470 2329 2756 2399; x_wconf 71' lang='lat' dir='ltr'><strong>aequitatis</strong></span> 
     </span>
     <span class='ocr_line' id='line_1_21' title="bbox 126 2415 2757 2492; baseline 0 -22"><span class='ocrx_word' id='word_1_194' title='bbox 126 2417 279 2490; x_wconf 86' lang='lat' dir='ltr'><strong>jure</strong></span> <span class='ocrx_word' id='word_1_195' title='bbox 329 2422 602 2473; x_wconf 84' lang='lat' dir='ltr'><strong>certatum</strong></span> <span class='ocrx_word' id='word_1_196' title='bbox 649 2425 765 2490; x_wconf 89' lang='lat' dir='ltr'><strong>est,</strong></span> <span class='ocrx_word' id='word_1_197' title='bbox 829 2419 957 2475; x_wconf 89' lang='lat' dir='ltr'><strong>dum</strong></span> <span class='ocrx_word' id='word_1_198' title='bbox 1005 2421 1357 2492; x_wconf 68' lang='lat' dir='ltr'><strong>omnipotens</strong></span> <span class='ocrx_word' id='word_1_199' title='bbox 1406 2420 1662 2476; x_wconf 89' lang='lat' dir='ltr'><strong>dominus</strong></span> <span class='ocrx_word' id='word_1_200' title='bbox 1701 2437 1822 2477; x_wconf 87' lang='lat' dir='ltr'><strong>cum</strong></span> <span class='ocrx_word' id='word_1_201' title='bbox 1858 2417 2169 2473; x_wconf 81' lang='lat' dir='ltr'><strong>saevissimo</strong></span> <span class='ocrx_word' id='word_1_202' title='bbox 2206 2418 2370 2471; x_wconf 89' lang='lat' dir='ltr'><strong>hoste</strong></span> <span class='ocrx_word' id='word_1_203' title='bbox 2406 2432 2518 2471; x_wconf 90' lang='lat' dir='ltr'><strong>non</strong></span> <span class='ocrx_word' id='word_1_204' title='bbox 2551 2415 2612 2469; x_wconf 89' lang='lat' dir='ltr'><strong>in</strong></span> <span class='ocrx_word' id='word_1_205' title='bbox 2648 2429 2757 2470; x_wconf 78' lang='lat' dir='ltr'><strong>sua</strong></span> 
     </span>
     <span class='ocr_line' id='line_1_22' title="bbox 136 2501 2754 2581; baseline -0.001 -20"><span class='ocrx_word' id='word_1_206' title='bbox 136 2505 449 2578; x_wconf 88' lang='lat' dir='ltr'><strong>majestate</strong></span> <span class='ocrx_word' id='word_1_207' title='bbox 498 2506 597 2561; x_wconf 88' lang='lat' dir='ltr'><strong>sed</strong></span> <span class='ocrx_word' id='word_1_208' title='bbox 650 2506 707 2561; x_wconf 92' lang='lat' dir='ltr'><strong>in</strong></span> <span class='ocrx_word' id='word_1_209' title='bbox 754 2513 953 2564; x_wconf 88' lang='lat' dir='ltr'><strong>nostra</strong></span> <span class='ocrx_word' id='word_1_210' title='bbox 1000 2510 1362 2581; x_wconf 81' lang='lat' dir='ltr'><strong>congreditur</strong></span> <span class='ocrx_word' id='word_1_211' title='bbox 1406 2508 1753 2578; x_wconf 88' lang='lat' dir='ltr'><strong>humilitate,</strong></span> <span class='ocrx_word' id='word_1_212' title='bbox 1818 2505 2094 2580; x_wconf 88' lang='lat' dir='ltr'><strong>objiciens</strong></span> <span class='ocrx_word' id='word_1_213' title='bbox 2143 2506 2197 2559; x_wconf 92' lang='lat' dir='ltr'><strong>ei</strong></span> <span class='ocrx_word' id='word_1_214' title='bbox 2243 2503 2474 2560; x_wconf 87' lang='lat' dir='ltr'><strong>eandem</strong></span> <span class='ocrx_word' id='word_1_215' title='bbox 2509 2501 2754 2559; x_wconf 84' lang='lat' dir='ltr'><strong>formam</strong></span> 
     </span>
     <span class='ocr_line' id='line_1_23' title="bbox 140 2590 2755 2667; baseline -0.001 -20"><span class='ocrx_word' id='word_1_216' title='bbox 140 2591 493 2663; x_wconf 82' lang='lat' dir='ltr'><strong>eandemque</strong></span> <span class='ocrx_word' id='word_1_217' title='bbox 530 2600 814 2663; x_wconf 87' lang='lat' dir='ltr'><strong>naturam,</strong></span> <span class='ocrx_word' id='word_1_218' title='bbox 867 2596 1228 2652; x_wconf 75' lang='lat' dir='ltr'><strong>mortalitatis</strong></span> <span class='ocrx_word' id='word_1_219' title='bbox 1266 2596 1482 2667; x_wconf 87' lang='lat' dir='ltr'><strong>quidem</strong></span> <span class='ocrx_word' id='word_1_220' title='bbox 1519 2602 1730 2652; x_wconf 72' lang='lat' dir='ltr'><strong>nostrae</strong></span> <span class='ocrx_word' id='word_1_221' title='bbox 1769 2593 2123 2667; x_wconf 82' lang='lat' dir='ltr'><strong>participem,</strong></span> <span class='ocrx_word' id='word_1_222' title='bbox 2187 2593 2287 2648; x_wconf 90' lang='lat' dir='ltr'><strong>sed</strong></span> <span class='ocrx_word' id='word_1_223' title='bbox 2322 2590 2542 2663; x_wconf 86' lang='lat' dir='ltr'><strong>peccati</strong></span> <span class='ocrx_word' id='word_1_224' title='bbox 2577 2590 2755 2645; x_wconf 86' lang='lat' dir='ltr'><strong>totius</strong></span> 
     </span>
     <span class='ocr_line' id='line_1_24' title="bbox 139 2681 2756 2755; baseline 0.001 -21"><span class='ocrx_word' id='word_1_225' title='bbox 139 2685 449 2751; x_wconf 84' lang='lat' dir='ltr'><strong>expertem.</strong></span> <span class='ocrx_word' id='word_1_226' title='bbox 520 2682 674 2737; x_wconf 79' lang='lat' dir='ltr'><strong>Leon.</strong></span> <span class='ocrx_word' id='word_1_227' title='bbox 722 2684 790 2737; x_wconf 79' lang='lat' dir='ltr'><strong>M.</strong></span> <span class='ocrx_word' id='word_1_228' title='bbox 840 2699 1002 2738; x_wconf 86' lang='lat' dir='ltr'><strong>serm.</strong></span> <span class='ocrx_word' id='word_1_229' title='bbox 1052 2686 1149 2752; x_wconf 85' lang='lat'><strong>21,</strong></span> <span class='ocrx_word' id='word_1_230' title='bbox 1207 2686 1255 2741; x_wconf 89' lang='lat'><strong>1.</strong></span> <span class='ocrx_word' id='word_1_231' title='bbox 1340 2685 1661 2754; x_wconf 79' lang='lat' dir='ltr'><strong>Appensum</strong></span> <span class='ocrx_word' id='word_1_232' title='bbox 1717 2689 1805 2739; x_wconf 91' lang='lat' dir='ltr'><strong>est</strong></span> <span class='ocrx_word' id='word_1_233' title='bbox 1859 2682 2140 2755; x_wconf 70' lang='lat' dir='ltr'><strong>aequitatis</strong></span> <span class='ocrx_word' id='word_1_234' title='bbox 2195 2681 2477 2750; x_wconf 84' lang='lat' dir='ltr'><strong>examine,</strong></span> <span class='ocrx_word' id='word_1_235' title='bbox 2532 2685 2596 2736; x_wconf 88' lang='lat' dir='ltr'><strong>ut</strong></span> <span class='ocrx_word' id='word_1_236' title='bbox 2647 2694 2756 2736; x_wconf 83' lang='lat' dir='ltr'><strong>nec</strong></span> 
     </span>
     <span class='ocr_line' id='line_1_25' title="bbox 137 2765 2758 2843; baseline 0 -21"><span class='ocrx_word' id='word_1_237' title='bbox 137 2765 327 2837; x_wconf 83' lang='lat' dir='ltr'><strong>ipsius</strong></span> <span class='ocrx_word' id='word_1_238' title='bbox 364 2766 575 2823; x_wconf 88' lang='lat' dir='ltr'><strong>diaboli</strong></span> <span class='ocrx_word' id='word_1_239' title='bbox 621 2771 895 2839; x_wconf 80' lang='lat' dir='ltr'><strong>potestati</strong></span> <span class='ocrx_word' id='word_1_240' title='bbox 940 2777 1245 2843; x_wconf 85' lang='lat' dir='ltr'><strong>negaretur</strong></span> <span class='ocrx_word' id='word_1_241' title='bbox 1292 2772 1489 2837; x_wconf 88' lang='lat' dir='ltr'><strong>homo,</strong></span> <span class='ocrx_word' id='word_1_242' title='bbox 1552 2786 1717 2840; x_wconf 85' lang='lat' dir='ltr'><strong>quem</strong></span> <span class='ocrx_word' id='word_1_243' title='bbox 1753 2770 1862 2824; x_wconf 89' lang='lat' dir='ltr'><strong>sibi</strong></span> <span class='ocrx_word' id='word_1_244' title='bbox 1909 2770 2055 2825; x_wconf 89' lang='lat' dir='ltr'><strong>male</strong></span> <span class='ocrx_word' id='word_1_245' title='bbox 2091 2769 2375 2825; x_wconf 84' lang='lat' dir='ltr'><strong>suadendo</strong></span> <span class='ocrx_word' id='word_1_246' title='bbox 2413 2766 2758 2841; x_wconf 79' lang='lat' dir='ltr'><strong>subjecerat.</strong></span> 
     </span>
    </p>
   </div>
   <div class='ocr_carea' id='block_1_6' title="bbox 139 2855 2755 3012">
    <p class='ocr_par' dir='ltr' id='par_1_7' title="bbox 139 2855 2755 3012">
     <span class='ocr_line' id='line_1_26' title="bbox 139 2855 2755 2931; baseline 0 -21"><span class='ocrx_word' id='word_1_247' title='bbox 139 2856 396 2926; x_wconf 83' lang='lat' dir='ltr'><strong>iniquum</strong></span> <span class='ocrx_word' id='word_1_248' title='bbox 443 2857 587 2911; x_wconf 89' lang='lat' dir='ltr'><strong>enim</strong></span> <span class='ocrx_word' id='word_1_249' title='bbox 634 2865 786 2928; x_wconf 88' lang='lat' dir='ltr'><strong>erat,</strong></span> <span class='ocrx_word' id='word_1_250' title='bbox 840 2864 903 2915; x_wconf 91' lang='lat' dir='ltr'><strong>ut</strong></span> <span class='ocrx_word' id='word_1_251' title='bbox 949 2860 1035 2929; x_wconf 88' lang='lat' dir='ltr'><strong>ei,</strong></span> <span class='ocrx_word' id='word_1_252' title='bbox 1093 2876 1254 2931; x_wconf 87' lang='lat' dir='ltr'><strong>quem</strong></span> <span class='ocrx_word' id='word_1_253' title='bbox 1301 2862 1560 2929; x_wconf 83' lang='lat' dir='ltr'><strong>ceperat,</strong></span> <span class='ocrx_word' id='word_1_254' title='bbox 1625 2875 1736 2913; x_wconf 90' lang='lat' dir='ltr'><strong>non</strong></span> <span class='ocrx_word' id='word_1_255' title='bbox 1786 2859 2177 2913; x_wconf 87' lang='lat' dir='ltr'><strong>dominaretur.</strong></span> <span class='ocrx_word' id='word_1_256' title='bbox 2248 2858 2510 2927; x_wconf 66' lang='lat' dir='ltr'><strong>Auqusein.</strong></span> <span class='ocrx_word' id='word_1_257' title='bbox 2548 2857 2616 2910; x_wconf 91' lang='lat' dir='ltr'><strong>de</strong></span> <span class='ocrx_word' id='word_1_258' title='bbox 2653 2855 2755 2910; x_wconf 85' lang='lat' dir='ltr'><strong>lib.</strong></span> 
     </span>
     <span class='ocr_line' id='line_1_27' title="bbox 140 2943 525 3012; baseline -0.003 -13"><span class='ocrx_word' id='word_1_259' title='bbox 140 2943 316 2999; x_wconf 83' lang='lat' dir='ltr'><strong>arbit.</strong></span> <span class='ocrx_word' id='word_1_260' title='bbox 352 2944 405 3012; x_wconf 86' lang='lat'><strong>3,</strong></span> <span class='ocrx_word' id='word_1_261' title='bbox 438 2945 525 2998; x_wconf 81' lang='lat'><strong>29.</strong></span> 
     </span>
    </p>
   </div>
   <div class='ocr_carea' id='block_1_7' title="bbox 140 3052 2762 3760">
    <p class='ocr_par' dir='ltr' id='par_1_8' title="bbox 140 3052 2758 3291">
     <span class='ocr_line' id='line_1_28' title="bbox 331 3052 2755 3129; baseline -0.001 -18"><span class='ocrx_word' id='word_1_262' title='bbox 331 3058 397 3113; x_wconf 87' lang='lat' dir='ltr'><strong>V.</strong></span> <span class='ocrx_word' id='word_1_263' title='bbox 438 3059 519 3112; x_wconf 81' lang='lat'><strong>18.</strong></span> <span class='ocrx_word' id='word_1_264' title='bbox 571 3057 629 3114; x_wconf 85' lang='lat' dir='ltr'><strong>S.</strong></span> <span class='ocrx_word' id='word_1_265' title='bbox 656 3059 922 3129; x_wconf 59' lang='lat' dir='ltr'><strong>Augustini</strong></span> <span class='ocrx_word' id='word_1_266' title='bbox 958 3074 1119 3112; x_wconf 88' lang='lat' dir='ltr'><strong>serm.</strong></span> <span class='ocrx_word' id='word_1_267' title='bbox 1154 3058 1277 3126; x_wconf 82' lang='lat'><strong>285,</strong></span> <span class='ocrx_word' id='word_1_268' title='bbox 1302 3061 1352 3111; x_wconf 80' lang='lat'><strong>2.</strong></span> <span class='ocrx_word' id='word_1_269' title='bbox 1404 3073 1545 3113; x_wconf 80' lang='lat' dir='ltr'><strong>crux</strong></span> <span class='ocrx_word' id='word_1_270' title='bbox 1571 3056 1782 3114; x_wconf 87' lang='lat' dir='ltr'><strong>Christi</strong></span> <span class='ocrx_word' id='word_1_271' title='bbox 1817 3056 1873 3111; x_wconf 89' lang='lat' dir='ltr'><strong>in</strong></span> <span class='ocrx_word' id='word_1_272' title='bbox 1911 3055 2094 3110; x_wconf 85' lang='lat' dir='ltr'><strong>medio</strong></span> <span class='ocrx_word' id='word_1_273' title='bbox 2129 3071 2243 3110; x_wconf 87' lang='lat' dir='ltr'><strong>non</strong></span> <span class='ocrx_word' id='word_1_274' title='bbox 2278 3052 2387 3109; x_wconf 81' lang='lat' dir='ltr'><strong>suit</strong></span> <span class='ocrx_word' id='word_1_275' title='bbox 2421 3053 2755 3123; x_wconf 85' lang='lat' dir='ltr'><strong>supplicium</strong></span> 
     </span>
     <span class='ocr_line' id='line_1_29' title="bbox 146 3140 2758 3216; baseline -0.003 -13"><span class='ocrx_word' id='word_1_276' title='bbox 146 3145 258 3203; x_wconf 77' lang='lat' dir='ltr'><strong>sed</strong></span> <span class='ocrx_word' id='word_1_277' title='bbox 294 3145 567 3214; x_wconf 86' lang='lat' dir='ltr'><strong>tribunal,</strong></span> <span class='ocrx_word' id='word_1_278' title='bbox 633 3144 701 3199; x_wconf 90' lang='lat' dir='ltr'><strong>de</strong></span> <span class='ocrx_word' id='word_1_279' title='bbox 752 3160 917 3200; x_wconf 88' lang='lat' dir='ltr'><strong>cruce</strong></span> <span class='ocrx_word' id='word_1_280' title='bbox 953 3145 1158 3216; x_wconf 83' lang='lat' dir='ltr'><strong>quippe</strong></span> <span class='ocrx_word' id='word_1_281' title='bbox 1191 3144 1553 3200; x_wconf 82' lang='lat' dir='ltr'><strong>insultantem</strong></span> <span class='ocrx_word' id='word_1_282' title='bbox 1588 3145 1867 3201; x_wconf 86' lang='lat' dir='ltr'><strong>latronem</strong></span> <span class='ocrx_word' id='word_1_283' title='bbox 1902 3141 2213 3211; x_wconf 85' lang='lat' dir='ltr'><strong>damnavit,</strong></span> <span class='ocrx_word' id='word_1_284' title='bbox 2262 3140 2578 3195; x_wconf 85' lang='lat' dir='ltr'><strong>credentem</strong></span> <span class='ocrx_word' id='word_1_285' title='bbox 2613 3140 2758 3196; x_wconf 89' lang='lat' dir='ltr'><strong>libe-</strong></span> 
     </span>
     <span class='ocr_line' id='line_1_30' title="bbox 140 3231 320 3291; baseline -0.017 0"><span class='ocrx_word' id='word_1_286' title='bbox 140 3231 320 3291; x_wconf 84' lang='lat' dir='ltr'><strong>ravit.</strong></span> 
     </span>
    </p>

    <p class='ocr_par' dir='ltr' id='par_1_9' title="bbox 152 3334 2762 3760">
     <span class='ocr_line' id='line_1_31' title="bbox 336 3334 2758 3408; baseline 0 -18"><span class='ocrx_word' id='word_1_287' title='bbox 336 3336 399 3391; x_wconf 87' lang='lat' dir='ltr'><strong>V.</strong></span> <span class='ocrx_word' id='word_1_288' title='bbox 435 3337 681 3392; x_wconf 75' lang='lat'><strong>75—78.</strong></span> <span class='ocrx_word' id='word_1_289' title='bbox 736 3337 870 3391; x_wconf 88' lang='lat' dir='ltr'><strong>Hier</strong></span> <span class='ocrx_word' id='word_1_290' title='bbox 908 3337 983 3391; x_wconf 87' lang='lat' dir='ltr'><strong>ist</strong></span> <span class='ocrx_word' id='word_1_291' title='bbox 1017 3336 1115 3392; x_wconf 86' lang='lat' dir='ltr'><strong>der</strong></span> <span class='ocrx_word' id='word_1_292' title='bbox 1152 3337 1384 3392; x_wconf 88' lang='lat' dir='ltr'><strong>Himmel</strong></span> <span class='ocrx_word' id='word_1_293' title='bbox 1435 3337 1537 3393; x_wconf 86' lang='lat' dir='ltr'><strong>das</strong></span> <span class='ocrx_word' id='word_1_294' title='bbox 1573 3337 1952 3393; x_wconf 86' lang='lat' dir='ltr'><strong>Wohuhaus</strong></span> <span class='ocrx_word' id='word_1_295' title='bbox 2001 3335 2149 3392; x_wconf 88' lang='lat' dir='ltr'><strong>aller</strong></span> <span class='ocrx_word' id='word_1_296' title='bbox 2196 3334 2504 3408; x_wconf 66' lang='lat' dir='ltr'><strong>gliubigen</strong></span> <span class='ocrx_word' id='word_1_297' title='bbox 2537 3334 2758 3391; x_wconf 73' lang='lat' dir='ltr'><strong>Vfilker</strong></span> 
     </span>
     <span class='ocr_line' id='line_1_32' title="bbox 152 3422 2760 3497; baseline 0 -19"><span class='ocrx_word' id='word_1_298' title='bbox 152 3429 424 3497; x_wconf 73' lang='lat' dir='ltr'><strong>genannt.</strong></span> <span class='ocrx_word' id='word_1_299' title='bbox 494 3423 596 3479; x_wconf 86' lang='lat' dir='ltr'><strong>Die</strong></span> <span class='ocrx_word' id='word_1_300' title='bbox 645 3422 851 3479; x_wconf 72' lang='lat' dir='ltr'><strong>Grosse</strong></span> <span class='ocrx_word' id='word_1_301' title='bbox 907 3422 1089 3479; x_wconf 87' lang='lat' dir='ltr'><strong>dieses</strong></span> <span class='ocrx_word' id='word_1_302' title='bbox 1138 3424 1327 3480; x_wconf 84' lang='lat' dir='ltr'><strong>Bildes</strong></span> <span class='ocrx_word' id='word_1_303' title='bbox 1375 3426 1581 3483; x_wconf 88' lang='lat' dir='ltr'><strong>beruht</strong></span> <span class='ocrx_word' id='word_1_304' title='bbox 1628 3423 1734 3481; x_wconf 82' lang='lat' dir='ltr'><strong>auf</strong></span> <span class='ocrx_word' id='word_1_305' title='bbox 1772 3423 1870 3478; x_wconf 91' lang='lat' dir='ltr'><strong>der</strong></span> <span class='ocrx_word' id='word_1_306' title='bbox 1917 3423 2125 3480; x_wconf 87' lang='lat' dir='ltr'><strong>Stelle:</strong></span> <span class='ocrx_word' id='word_1_307' title='bbox 2188 3424 2246 3479; x_wconf 89' lang='lat' dir='ltr'><strong>in</strong></span> <span class='ocrx_word' id='word_1_308' title='bbox 2291 3425 2501 3481; x_wconf 82' lang='lat' dir='ltr'><strong>meines</strong></span> <span class='ocrx_word' id='word_1_309' title='bbox 2548 3425 2760 3480; x_wconf 81' lang='lat' dir='ltr'><strong>Vaters</strong></span> 
     </span>
     <span class='ocr_line' id='line_1_33' title="bbox 154 3509 2760 3584; baseline 0.001 -15"><span class='ocrx_word' id='word_1_310' title='bbox 154 3514 349 3570; x_wconf 77' lang='lat' dir='ltr'><strong>Haase</strong></span> <span class='ocrx_word' id='word_1_311' title='bbox 404 3512 528 3566; x_wconf 85' lang='lat' dir='ltr'><strong>sind</strong></span> <span class='ocrx_word' id='word_1_312' title='bbox 574 3509 724 3564; x_wconf 80' lang='lat' dir='ltr'><strong>viele</strong></span> <span class='ocrx_word' id='word_1_313' title='bbox 759 3511 1157 3584; x_wconf 85' lang='lat' dir='ltr'><strong>Wohnungen.</strong></span> <span class='ocrx_word' id='word_1_314' title='bbox 1228 3512 1330 3570; x_wconf 76' lang='lat' dir='ltr'><strong>mit</strong></span> <span class='ocrx_word' id='word_1_315' title='bbox 1381 3514 1572 3584; x_wconf 81' lang='lat' dir='ltr'><strong>Bezug</strong></span> <span class='ocrx_word' id='word_1_316' title='bbox 1622 3510 1830 3568; x_wconf 83' lang='lat' dir='ltr'><strong>darauf</strong></span> <span class='ocrx_word' id='word_1_317' title='bbox 1877 3516 2081 3583; x_wconf 72' lang='lat' dir='ltr'><strong>(patris</strong></span> <span class='ocrx_word' id='word_1_318' title='bbox 2135 3513 2372 3583; x_wconf 80' lang='lat' dir='ltr'><strong>domus)</strong></span> <span class='ocrx_word' id='word_1_319' title='bbox 2426 3513 2603 3569; x_wconf 88' lang='lat' dir='ltr'><strong>heisst</strong></span> <span class='ocrx_word' id='word_1_320' title='bbox 2657 3515 2760 3571; x_wconf 87' lang='lat' dir='ltr'><strong>der</strong></span> 
     </span>
     <span class='ocr_line' id='line_1_34' title="bbox 159 3588 2762 3673; baseline 0.001 -16"><span class='ocrx_word' id='word_1_321' title='bbox 159 3588 399 3657; x_wconf 71' lang='lat' dir='ltr'><strong>Ein&#39;lmel</strong></span> <span class='ocrx_word' id='word_1_322' title='bbox 437 3600 568 3653; x_wconf 88' lang='lat' dir='ltr'><strong>sehr</strong></span> <span class='ocrx_word' id='word_1_323' title='bbox 605 3596 693 3654; x_wconf 89' lang='lat' dir='ltr'><strong>oft</strong></span> <span class='ocrx_word' id='word_1_324' title='bbox 722 3602 910 3669; x_wconf 78' lang='lat' dir='ltr'><strong>patria.</strong></span> <span class='ocrx_word' id='word_1_325' title='bbox 948 3599 1060 3653; x_wconf 81' lang='lat' dir='ltr'><strong>wie</strong></span> <span class='ocrx_word' id='word_1_326' title='bbox 1097 3618 1142 3654; x_wconf 84' lang='lat' dir='ltr'><strong>z.</strong></span> <span class='ocrx_word' id='word_1_327' title='bbox 1172 3599 1232 3655; x_wconf 90' lang='lat' dir='ltr'><strong>B.</strong></span> <span class='ocrx_word' id='word_1_328' title='bbox 1268 3600 1361 3655; x_wconf 84' lang='lat' dir='ltr'><strong>bei</strong></span> <span class='ocrx_word' id='word_1_329' title='bbox 1396 3602 1657 3671; x_wconf 75' lang='lat' dir='ltr'><strong>Auyuslin.</strong></span> <span class='ocrx_word' id='word_1_330' title='bbox 1696 3617 1881 3656; x_wconf 86' lang='lat' dir='ltr'><strong>sermo</strong></span> <span class='ocrx_word' id='word_1_331' title='bbox 1916 3601 2003 3670; x_wconf 84' lang='lat'><strong>38,</strong></span> <span class='ocrx_word' id='word_1_332' title='bbox 2035 3603 2113 3656; x_wconf 89' lang='lat'><strong>11.</strong></span> <span class='ocrx_word' id='word_1_333' title='bbox 2149 3602 2336 3673; x_wconf 81' lang='lat' dir='ltr'><strong>patria</strong></span> <span class='ocrx_word' id='word_1_334' title='bbox 2369 3603 2533 3671; x_wconf 87' lang='lat' dir='ltr'><strong>bona,</strong></span> <span class='ocrx_word' id='word_1_335' title='bbox 2571 3602 2762 3672; x_wconf 83' lang='lat' dir='ltr'><strong>patria</strong></span> 
     </span>
     <span class='ocr_line' id='line_1_35' title="bbox 163 3686 2758 3760; baseline 0.001 -18"><span class='ocrx_word' id='word_1_336' title='bbox 163 3686 443 3754; x_wconf 87' lang='lat' dir='ltr'><strong>coelestis,</strong></span> <span class='ocrx_word' id='word_1_337' title='bbox 497 3686 685 3757; x_wconf 85' lang='lat' dir='ltr'><strong>patria</strong></span> <span class='ocrx_word' id='word_1_338' title='bbox 731 3687 1219 3757; x_wconf 81' lang='lat' dir='ltr'><strong>contemplationis</strong></span> <span class='ocrx_word' id='word_1_339' title='bbox 1269 3688 1630 3760; x_wconf 81' lang='lat' dir='ltr'><strong>angelorum,</strong></span> <span class='ocrx_word' id='word_1_340' title='bbox 1685 3689 1898 3760; x_wconf 87' lang='lat' dir='ltr'><strong>patria,</strong></span> <span class='ocrx_word' id='word_1_341' title='bbox 1961 3689 2058 3744; x_wconf 87' lang='lat' dir='ltr'><strong>ubi</strong></span> <span class='ocrx_word' id='word_1_342' title='bbox 2093 3689 2278 3744; x_wconf 86' lang='lat' dir='ltr'><strong>nullus</strong></span> <span class='ocrx_word' id='word_1_343' title='bbox 2328 3690 2466 3744; x_wconf 85' lang='lat' dir='ltr'><strong>civis</strong></span> <span class='ocrx_word' id='word_1_344' title='bbox 2503 3689 2758 3744; x_wconf 88' lang='lat' dir='ltr'><strong>moritur.</strong></span> 
     </span>
    </p>
   </div>
   <div class='ocr_carea' id='block_1_8' title="bbox 154 3772 2757 3935">
    <p class='ocr_par' dir='ltr' id='par_1_10' title="bbox 154 3772 2757 3935">
     <span class='ocr_line' id='line_1_36' title="bbox 156 3772 2757 3849; baseline -0 -19"><span class='ocrx_word' id='word_1_345' title='bbox 156 3777 317 3830; x_wconf 87' lang='lat' dir='ltr'><strong>Denn</strong></span> <span class='ocrx_word' id='word_1_346' title='bbox 355 3774 456 3829; x_wconf 90' lang='lat' dir='ltr'><strong>der</strong></span> <span class='ocrx_word' id='word_1_347' title='bbox 491 3774 718 3829; x_wconf 79' lang='lat' dir='ltr'><strong>Mensch</strong></span> <span class='ocrx_word' id='word_1_348' title='bbox 754 3774 831 3830; x_wconf 89' lang='lat' dir='ltr'><strong>ist</strong></span> <span class='ocrx_word' id='word_1_349' title='bbox 863 3772 972 3830; x_wconf 86' lang='lat' dir='ltr'><strong>auf</strong></span> <span class='ocrx_word' id='word_1_350' title='bbox 1000 3776 1185 3831; x_wconf 85' lang='lat' dir='ltr'><strong>dieser</strong></span> <span class='ocrx_word' id='word_1_351' title='bbox 1219 3777 1389 3832; x_wconf 86' lang='lat' dir='ltr'><strong>Welt</strong></span> <span class='ocrx_word' id='word_1_352' title='bbox 1417 3777 1507 3831; x_wconf 89' lang='lat' dir='ltr'><strong>ein</strong></span> <span class='ocrx_word' id='word_1_353' title='bbox 1542 3778 1877 3849; x_wconf 81' lang='lat' dir='ltr'><strong>peregrinus</strong></span> <span class='ocrx_word' id='word_1_354' title='bbox 1913 3778 1969 3832; x_wconf 93' lang='lat' dir='ltr'><strong>in</strong></span> <span class='ocrx_word' id='word_1_355' title='bbox 2007 3777 2235 3847; x_wconf 79' lang='lat' dir='ltr'><strong>saeculo,</strong></span> <span class='ocrx_word' id='word_1_356' title='bbox 2270 3777 2381 3831; x_wconf 83' lang='lat' dir='ltr'><strong>wie</strong></span> <span class='ocrx_word' id='word_1_357' title='bbox 2409 3776 2757 3847; x_wconf 84' lang='lat' dir='ltr'><strong>Augustinus</strong></span> 
     </span>
     <span class='ocr_line' id='line_1_37' title="bbox 154 3859 1966 3935; baseline 0.001 -16"><span class='ocrx_word' id='word_1_358' title='bbox 154 3863 289 3920; x_wconf 73' lang='lat' dir='ltr'><strong>nort</strong></span> <span class='ocrx_word' id='word_1_359' title='bbox 325 3859 601 3918; x_wconf 76' lang='lat' dir='ltr'><strong>ebenfaus</strong></span> <span class='ocrx_word' id='word_1_360' title='bbox 637 3868 782 3934; x_wconf 78' lang='lat' dir='ltr'><strong>sagt.</strong></span> <span class='ocrx_word' id='word_1_361' title='bbox 864 3862 991 3935; x_wconf 76' lang='lat' dir='ltr'><strong>vgl.</strong></span> <span class='ocrx_word' id='word_1_362' title='bbox 1027 3864 1131 3919; x_wconf 83' lang='lat' dir='ltr'><strong>No.</strong></span> <span class='ocrx_word' id='word_1_363' title='bbox 1167 3864 1254 3932; x_wconf 76' lang='lat'><strong>68,</strong></span> <span class='ocrx_word' id='word_1_364' title='bbox 1293 3867 1373 3918; x_wconf 75' lang='lat'><strong>17.</strong></span> <span class='ocrx_word' id='word_1_365' title='bbox 1428 3864 1533 3920; x_wconf 81' lang='lat' dir='ltr'><strong>No.</strong></span> <span class='ocrx_word' id='word_1_366' title='bbox 1569 3868 1656 3933; x_wconf 84' lang='lat'><strong>25,</strong></span> <span class='ocrx_word' id='word_1_367' title='bbox 1695 3868 1812 3920; x_wconf 84' lang='lat'><strong>123.</strong></span> <span class='ocrx_word' id='word_1_368' title='bbox 1849 3868 1966 3921; x_wconf 74' lang='lat'><strong>124.</strong></span> 
     </span>
    </p>
   </div>
   <div class='ocr_carea' id='block_1_9' title="bbox 154 4106 2768 4787">
    <p class='ocr_par' dir='ltr' id='par_1_11' title="bbox 154 4106 2768 4787">
     <span class='ocr_line' id='line_1_38' title="bbox 335 4106 2758 4179; baseline 0 -17"><span class='ocrx_word' id='word_1_369' title='bbox 335 4107 784 4162; x_wconf 84' lang='lat' dir='ltr'><strong>Passionslieder</strong></span> <span class='ocrx_word' id='word_1_370' title='bbox 835 4106 1068 4161; x_wconf 81' lang='lat' dir='ltr'><strong>wurden</strong></span> <span class='ocrx_word' id='word_1_371' title='bbox 1122 4107 1334 4163; x_wconf 80' lang='lat' dir='ltr'><strong>bereits</strong></span> <span class='ocrx_word' id='word_1_372' title='bbox 1379 4108 1455 4164; x_wconf 86' lang='lat' dir='ltr'><strong>im</strong></span> <span class='ocrx_word' id='word_1_373' title='bbox 1487 4109 1821 4168; x_wconf 73' lang='lat' dir='ltr'><strong>mittelalter</strong></span> <span class='ocrx_word' id='word_1_374' title='bbox 1855 4109 2021 4165; x_wconf 82' lang='lat' dir='ltr'><strong>theiis</strong></span> <span class='ocrx_word' id='word_1_375' title='bbox 2067 4111 2126 4165; x_wconf 82' lang='lat' dir='ltr'><strong>in</strong></span> <span class='ocrx_word' id='word_1_376' title='bbox 2172 4111 2261 4165; x_wconf 89' lang='lat' dir='ltr'><strong>die</strong></span> <span class='ocrx_word' id='word_1_377' title='bbox 2296 4107 2758 4179; x_wconf 74' lang='lat' dir='ltr'><strong>Volkssprachen</strong></span> 
     </span>
     <span class='ocr_line' id='line_1_39' title="bbox 154 4195 2760 4267; baseline 0.001 -16"><span class='ocrx_word' id='word_1_378' title='bbox 154 4195 472 4263; x_wconf 77' lang='lat' dir='ltr'><strong>iibersetzt,</strong></span> <span class='ocrx_word' id='word_1_379' title='bbox 535 4196 703 4250; x_wconf 82' lang='lat' dir='ltr'><strong>theils</strong></span> <span class='ocrx_word' id='word_1_380' title='bbox 741 4196 887 4251; x_wconf 87' lang='lat' dir='ltr'><strong>auch</strong></span> <span class='ocrx_word' id='word_1_381' title='bbox 924 4195 1084 4250; x_wconf 89' lang='lat' dir='ltr'><strong>darin</strong></span> <span class='ocrx_word' id='word_1_382' title='bbox 1120 4197 1407 4267; x_wconf 82' lang='lat' dir='ltr'><strong>gedichtet</strong></span> <span class='ocrx_word' id='word_1_383' title='bbox 1428 4239 1441 4266; x_wconf 90' lang='lat'>‚</span> <span class='ocrx_word' id='word_1_384' title='bbox 1506 4198 1620 4253; x_wconf 91' lang='lat' dir='ltr'><strong>und</strong></span> <span class='ocrx_word' id='word_1_385' title='bbox 1654 4197 2121 4252; x_wconf 83' lang='lat' dir='ltr'><strong>wahrscheinlich</strong></span> <span class='ocrx_word' id='word_1_386' title='bbox 2158 4197 2250 4254; x_wconf 84' lang='lat' dir='ltr'><strong>bei</strong></span> <span class='ocrx_word' id='word_1_387' title='bbox 2287 4197 2392 4252; x_wconf 88' lang='lat' dir='ltr'><strong>den</strong></span> <span class='ocrx_word' id='word_1_388' title='bbox 2426 4196 2760 4253; x_wconf 83' lang='lat' dir='ltr'><strong>Andachten</strong></span> 
     </span>
     <span class='ocr_line' id='line_1_40' title="bbox 154 4283 2760 4357; baseline 0 -18"><span class='ocrx_word' id='word_1_389' title='bbox 154 4284 262 4339; x_wconf 88' lang='lat' dir='ltr'><strong>der</strong></span> <span class='ocrx_word' id='word_1_390' title='bbox 310 4283 661 4340; x_wconf 82' lang='lat' dir='ltr'><strong>Charwoche</strong></span> <span class='ocrx_word' id='word_1_391' title='bbox 715 4300 1007 4356; x_wconf 78' lang='lat' dir='ltr'><strong>gestingen</strong></span> <span class='ocrx_word' id='word_1_392' title='bbox 1055 4284 1195 4340; x_wconf 88' lang='lat' dir='ltr'><strong>oder</strong></span> <span class='ocrx_word' id='word_1_393' title='bbox 1242 4285 1485 4357; x_wconf 82' lang='lat' dir='ltr'><strong>gebetet.</strong></span> <span class='ocrx_word' id='word_1_394' title='bbox 1556 4287 1667 4341; x_wconf 85' lang='lat' dir='ltr'><strong>Des</strong></span> <span class='ocrx_word' id='word_1_395' title='bbox 1715 4286 2221 4356; x_wconf 81' lang='lat' dir='ltr'><strong>zusammenhangs</strong></span> <span class='ocrx_word' id='word_1_396' title='bbox 2266 4300 2469 4356; x_wconf 81' lang='lat' dir='ltr'><strong>wegen</strong></span> <span class='ocrx_word' id='word_1_397' title='bbox 2503 4284 2629 4339; x_wconf 84' lang='lat' dir='ltr'><strong>will</strong></span> <span class='ocrx_word' id='word_1_398' title='bbox 2664 4285 2760 4340; x_wconf 84' lang='lat' dir='ltr'><strong>ich</strong></span> 
     </span>
     <span class='ocr_line' id='line_1_41' title="bbox 156 4371 2762 4445; baseline 0.001 -18"><span class='ocrx_word' id='word_1_399' title='bbox 156 4372 347 4444; x_wconf 79' lang='lat' dir='ltr'><strong>einige</strong></span> <span class='ocrx_word' id='word_1_400' title='bbox 396 4372 677 4444; x_wconf 88' lang='lat' dir='ltr'><strong>Beispiele</strong></span> <span class='ocrx_word' id='word_1_401' title='bbox 730 4390 833 4428; x_wconf 88' lang='lat' dir='ltr'><strong>aus</strong></span> <span class='ocrx_word' id='word_1_402' title='bbox 869 4372 1302 4430; x_wconf 79' lang='lat' dir='ltr'><strong>Handschriften</strong></span> <span class='ocrx_word' id='word_1_403' title='bbox 1338 4374 1679 4445; x_wconf 88' lang='lat' dir='ltr'><strong>mittheilen,</strong></span> <span class='ocrx_word' id='word_1_404' title='bbox 1743 4381 1930 4430; x_wconf 81' lang='lat' dir='ltr'><strong>zuerst</strong></span> <span class='ocrx_word' id='word_1_405' title='bbox 1964 4373 2054 4427; x_wconf 90' lang='lat' dir='ltr'><strong>ein</strong></span> <span class='ocrx_word' id='word_1_406' title='bbox 2090 4374 2372 4428; x_wconf 75' lang='lat' dir='ltr'><strong>teutsches</strong></span> <span class='ocrx_word' id='word_1_407' title='bbox 2406 4371 2762 4430; x_wconf 80' lang='lat' dir='ltr'><strong>Bruchstiick</strong></span> 
     </span>
     <span class='ocr_line' id='line_1_42' title="bbox 157 4459 2762 4531; baseline 0 -14"><span class='ocrx_word' id='word_1_408' title='bbox 157 4460 262 4517; x_wconf 85' lang='lat' dir='ltr'><strong>des</strong></span> <span class='ocrx_word' id='word_1_409' title='bbox 316 4461 383 4513; x_wconf 87' lang='lat'><strong>15</strong></span> <span class='ocrx_word' id='word_1_410' title='bbox 431 4459 623 4515; x_wconf 79' lang='lat' dir='ltr'><strong>Jahrh.</strong></span> <span class='ocrx_word' id='word_1_411' title='bbox 679 4476 778 4515; x_wconf 89' lang='lat' dir='ltr'><strong>aus</strong></span> <span class='ocrx_word' id='word_1_412' title='bbox 835 4460 1012 4516; x_wconf 87' lang='lat' dir='ltr'><strong>einem</strong></span> <span class='ocrx_word' id='word_1_413' title='bbox 1066 4462 1199 4516; x_wconf 82' lang='lat' dir='ltr'><strong>halb</strong></span> <span class='ocrx_word' id='word_1_414' title='bbox 1255 4464 1646 4518; x_wconf 77' lang='lat' dir='ltr'><strong>vermoderten</strong></span> <span class='ocrx_word' id='word_1_415' title='bbox 1699 4462 1887 4518; x_wconf 89' lang='lat' dir='ltr'><strong>Blatte</strong></span> <span class='ocrx_word' id='word_1_416' title='bbox 1940 4477 2009 4515; x_wconf 85' lang='lat' dir='ltr'><strong>zu</strong></span> <span class='ocrx_word' id='word_1_417' title='bbox 2061 4461 2444 4531; x_wconf 81' lang='lat' dir='ltr'><strong>Lichtenthal‚</strong></span> <span class='ocrx_word' id='word_1_418' title='bbox 2506 4460 2762 4517; x_wconf 77' lang='lat' dir='ltr'><strong>welches</strong></span> 
     </span>
     <span class='ocr_line' id='line_1_43' title="bbox 156 4545 2760 4622; baseline 0 -19"><span class='ocrx_word' id='word_1_419' title='bbox 156 4545 506 4603; x_wconf 78' lang='lat' dir='ltr'><strong>stellenweis</strong></span> <span class='ocrx_word' id='word_1_420' title='bbox 544 4547 698 4602; x_wconf 86' lang='lat' dir='ltr'><strong>nicht</strong></span> <span class='ocrx_word' id='word_1_421' title='bbox 731 4548 891 4602; x_wconf 86' lang='lat' dir='ltr'><strong>mehr</strong></span> <span class='ocrx_word' id='word_1_422' title='bbox 926 4547 1118 4603; x_wconf 85' lang='lat' dir='ltr'><strong>lesbar</strong></span> <span class='ocrx_word' id='word_1_423' title='bbox 1153 4549 1265 4604; x_wconf 87' lang='lat' dir='ltr'><strong>ist.·</strong></span> <span class='ocrx_word' id='word_1_424' title='bbox 1294 4549 1370 4604; x_wconf 85' lang='lat' dir='ltr'><strong>Es</strong></span> <span class='ocrx_word' id='word_1_425' title='bbox 1409 4551 1654 4622; x_wconf 82' lang='lat' dir='ltr'><strong>giengen</strong></span> <span class='ocrx_word' id='word_1_426' title='bbox 1691 4550 2008 4605; x_wconf 84' lang='lat' dir='ltr'><strong>demselben</strong></span> <span class='ocrx_word' id='word_1_427' title='bbox 2045 4546 2390 4619; x_wconf 83' lang='lat' dir='ltr'><strong>wenigstens</strong></span> <span class='ocrx_word' id='word_1_428' title='bbox 2418 4552 2452 4603; x_wconf 85' lang='lat'>3</span> <span class='ocrx_word' id='word_1_429' title='bbox 2471 4547 2760 4617; x_wconf 72' lang='lat' dir='ltr'><strong>Strophen</strong></span> 
     </span>
     <span class='ocr_line' id='line_1_44' title="bbox 156 4635 2768 4712; baseline 0.001 -23"><span class='ocrx_word' id='word_1_430' title='bbox 156 4650 388 4703; x_wconf 80' lang='lat' dir='ltr'><strong>vorans,</strong></span> <span class='ocrx_word' id='word_1_431' title='bbox 424 4652 636 4692; x_wconf 79' lang='lat' dir='ltr'><strong>wovon</strong></span> <span class='ocrx_word' id='word_1_432' title='bbox 674 4637 819 4690; x_wconf 90' lang='lat' dir='ltr'><strong>noch</strong></span> <span class='ocrx_word' id='word_1_433' title='bbox 855 4636 1104 4692; x_wconf 81' lang='lat' dir='ltr'><strong>einzelne</strong></span> <span class='ocrx_word' id='word_1_434' title='bbox 1139 4639 1381 4695; x_wconf 67' lang='lat' dir='ltr'><strong>Worter</strong></span> <span class='ocrx_word' id='word_1_435' title='bbox 1416 4640 1586 4712; x_wconf 80' lang='lat' dir='ltr'><strong>iibrig</strong></span> <span class='ocrx_word' id='word_1_436' title='bbox 1622 4638 1773 4708; x_wconf 86' lang='lat' dir='ltr'><strong>sind,</strong></span> <span class='ocrx_word' id='word_1_437' title='bbox 1812 4638 1911 4694; x_wconf 90' lang='lat' dir='ltr'><strong>der</strong></span> <span class='ocrx_word' id='word_1_438' title='bbox 1943 4635 2187 4710; x_wconf 78' lang='lat' dir='ltr'><strong>Umfang</strong></span> <span class='ocrx_word' id='word_1_439' title='bbox 2221 4639 2321 4695; x_wconf 82' lang='lat' dir='ltr'><strong>des</strong></span> <span class='ocrx_word' id='word_1_440' title='bbox 2357 4639 2579 4698; x_wconf 80' lang='lat' dir='ltr'><strong>Ganzen</strong></span> <span class='ocrx_word' id='word_1_441' title='bbox 2613 4637 2768 4693; x_wconf 73' lang='lat' dir='ltr'><strong>lisst</strong></span> 
     </span>
     <span class='ocr_line' id='line_1_45' title="bbox 154 4726 1212 4787; baseline -0.003 0"><span class='ocrx_word' id='word_1_442' title='bbox 154 4727 285 4787; x_wconf 79' lang='lat' dir='ltr'><strong>sich</strong></span> <span class='ocrx_word' id='word_1_443' title='bbox 317 4727 456 4787; x_wconf 84' lang='lat' dir='ltr'><strong>aber</strong></span> <span class='ocrx_word' id='word_1_444' title='bbox 489 4728 644 4787; x_wconf 88' lang='lat' dir='ltr'><strong>nicht</strong></span> <span class='ocrx_word' id='word_1_445' title='bbox 679 4726 837 4785; x_wconf 80' lang='lat' dir='ltr'><strong>mehr</strong></span> <span class='ocrx_word' id='word_1_446' title='bbox 870 4726 1212 4785; x_wconf 84' lang='lat' dir='ltr'><strong>bestimmeu.</strong></span> 
     </span>
    </p>
   </div>
  </div>
 </body>
</html>
