3159 5259
417 256 550 324 818

416 440 746 528 Sponsum
786 441 1046 506 millena
1088 440 1287 507 millia
1771 439 1913 506 sinc
1956 438 2090 506 fine
2134 440 2447 506 dicenda:

417 544 548 612 und
589 544 855 610 laudent
895 541 1178 609 melodi&
1577 543 1670 607 80
1859 541 2163 627 alleluja!

593 731 688 786 Hs.
725 746 797 784 zu
828 727 1164 798 Wiirzburg
1198 726 1300 783 Mc.
1334 726 1505 781 theol.
1544 722 1643 781 fol.
1679 723 1786 782 No.
1823 724 1942 779 139.
1979 739 2082 780 ans
2117 723 2240 780 dem
2278 727 2347 780 12
2380 724 2575 780 Jahrb.
2613 726 2741 795 (Η),
2782 723 2901 782 anf
2911 727 3056 784 dem

415 821 609 873 craten
645 817 804 873 Blatt
848 817 950 871 mit
993 813 1100 869 don
1135 814 1508 869 Musiknotcn.
1580 813 1744 869 Auch
1777 812 1837 866 in
1878 812 2248 869 Westlueimer'a
2284 812 2381 868 lib.
2414 813 2619 868 eccles.
2655 828 2822 868 carm.
2862 815 3056 885 (W),

413 903 530 959 und
564 903 660 959 boi
695 902 1010 958 Clichtaveus
1044 898 1084 956 f:
1123 901 1227 956 186
1262 901 1404 970 (Ο),
1442 898 1543 954 der
1579 899 1726 955 auch
1760 897 1852 955 dic
1885 898 2259 956 Bibelstellcn
2294 897 2391 955 fiir
2421 898 2605 955 dieses
2640 898 2779 956 Lied
2813 900 3056 970 angibt.

414 990 611 1045 Daniel
639 992 692 1057 2,
727 988 797 1042 ’15
846 988 946 1044 hat
993 988 1101 1043 den
1135 976 1366 1058 Anfang
1400 986 1584 1043 dieses
1618 986 1846 1053 Liedes,
1909 985 2161 1041 welches
2196 984 2320 1040 dem
2354 985 2533 1042 Adam
2578 1002 2693 1043 von
2728 986 2788 1042 S.
2822 987 3050 1043 Victor

411 1073 855 1147 zngeschricben
900 1074 1063 1128 wird.
1131 1075 1246 1128 Dor
1293 1069 1733 1144 durchgefiihrtc
1782 1070 2086 1127 Godanken
2131 1072 2231 1127 des
2266 1071 2468 1128 Liedcs
2516 1072 2598 1126 ist
2644 1072 2733 1127 dic
2769 1072 3048 1128 Vel-ciui·

416 1178 574 1234 gung
608 1163 714 1220 der
748 1160 955 1217 Kircho
988 1162 1090 1217 mit
1124 1160 1412 1228 christus,
1466 1164 1634 1214 nnter
1665 1158 1792 1213 dem
1827 1157 1989 1213 Bildc
2024 1158 2125 1213 der
2160 1156 2542 1213 himmlischcn
2576 1159 2720 1228 Ehe,
2781 1160 2889 1215 mit
2925 1161 3048 1216 Βο-

413 1250 656 1322 ziehnng
690 1245 799 1304 anf
825 1249 927 1303 das
953 1249 1101 1305 hohc
1127 1248 1282 1317 Licd,
1317 1243 1425 1304 anf
1440 1246 1674 1317 Apocal.
1705 1247 1789 1316 19,
1816 1247 1853 1300 ’1
1872 1241 1988 1318 fig„
2020 1248 2109 1315 21,
2135 1248 2186 1300 2.
2213 1247 2260 1300 9.
2290 1245 2404 1301 und
2430 1243 2540 1301 auf
2556 1246 2748 1305 Matth.
2766 1248 2857 1317 25,
2879 1250 2914 1301 1
2933 1245 3044 1321 flg.

411 1338 504 1406 22,
535 1339 572 1391 2
606 1332 702 1408 fig.
738 1338 789 1407 9,
826 1338 908 1391 15.
1045 1356 1057 1364 -

588 1460 625 1512 2
660 1455 1026 1512 tabernacula
1061 1454 1255 1512 ΗΨΟ.
1343 1457 1378 1509 3
1431 1455 1575 1509 nach
1630 1452 1757 1511 dem
1789 1452 2089 1510 Versmass
2136 1451 2308 1509 sollte
2356 1456 2604 1510 virtutium
2649 1454 3040 1527 wegbleibcn.

414 1545 488 1598 21
521 1542 582 1597 ίιι
617 1559 786 1598 aures
824 1542 884 1601 Ο.
953 1546 1022 1598 31
1062 1542 1365 1612 divagatur
1398 1542 1543 1598 ΨΟ.
1614 1542 1686 1596 33
1721 1540 1854 1611 lipp.
1882 1541 2039 1597 Liam
2072 1541 2134 1597 Ο.
2203 1542 2277 1596 34
2309 1540 2421 1595 vid.
2455 1541 2518 1596 R.
2548 1540 2607 1599 Ο.
2676 1544 2745 1596 35
2766 1542 2948 1597 nubet
2963 1542 3032 1597 Η.

414 1631 488 1685 36
524 1628 673 1684 unda
706 1630 811 1684 W.
888 1631 961 1684 39
995 1629 1091 1683 hic
1124 1628 1267 1684 ΨΟ.
1351 1630 1420 1683 42
1455 1643 1579 1682 moe
1614 1628 1680 1681 11.
1761 1628 1833 1682 44
1868 1626 2078 1682 tinctus
2124 1627 2271 1685 ΨΟ.
2353 1629 2423 1682 45
2459 1628 2550 1681 hic
2586 1628 2741 1697 ΨΟ,
2779 1644 2847 1684 so
2888 1626 3030 1684 fort

412 1718 481 1771 51
522 1717 659 1771 aedis
695 1715 839 1772 ΨΟ.
938 1717 1007 1769 53
1053 1714 1150 1784 qni
1195 1714 1272 1782 H,
1327 1714 1539 1783 podere
1587 1713 1736 1768 ΗΨ.
1824 1713 1896 1767 54
1942 1711 2208 1769 viduatur
2252 1712 2367 1782 W,
2421 1712 2628 1768 Varias
2664 1713 2935 1768 viduatur
2970 1715 3034 1772 C.

411 1805 485 1856 51
519 1802 675 1873 regis
709 1800 821 1871 W,
877 1800 985 1856 hac
1019 1800 1083 1856 H.
1156 1801 1226 1855 58
1262 1800 1534 1855 deaurata
1567 1799 1631 1855 H.
1716 1800 1786 1855 59
1822 1798 1906 1854 sic
1939 1804 2001 1854 ct
2033 1798 2098 1854 Η.
2180 1800 2253 1854 64
2288 1800 2532 1870 myrrhae
2571 1804 2630 1854 et
2654 1799 2843 1866 ‚thuris
2881 1801 3034 1859 ΨΟ.

411 1888 483 1941 66
518 1889 640 1944 haec
667 1888 816 1944 ΨΟ.
863 1891 930 1942 ’11
950 1888 1076 1960 jam
1100 1887 1197 1941 W.
1252 1889 1324 1942 14
1356 1886 1650 1958 psallimus
1683 1886 1782 1940 W.
1858 1886 1929 1940 ’16
1965 1889 2120 1942 tenet
2152 1885 2220 1956 Β,
2253 1885 2472 1943 initium
2508 1884 2569 1943 Ο.
2624 1886 2698 1942 80
2728 1886 2930 1944 laudet
2962 1889 3033 1959 fl,

411 1975 648 2032 laudant
681 1973 826 2029 ΨΟ.

589 2096 656 2150 V.
695 2100 724 2149 1
745 2099 885 2152 -3.‘
915 2096 1176 2151 bozichen
1216 2096 1337 2151 sich
1372 2093 1480 2151 auf
1507 2096 1609 2151 das
1646 2096 1776 2151 Zelt
1810 2095 1911 2150 dcr
1946 2095 2329 2165 Bnndesladc,
2382 2098 2549 2152 4-6
2586 2094 2694 2151 auf
2719 2096 3029 2156 Salomon:

412 2182 673 2253 Tempc13
742 2183 906 2238 beidc
951 2183 1185 2238 werden
1237 2183 1382 2237 auch
1434 2183 1493 2236 in
1547 2182 1650 2236 der
1701 2181 2093 2254 griechischen
2146 2181 2509 2239 Kirchwcihe
2563 2199 2631 2238 so
2687 2182 3029 2256 angesfihrt:

414 2267 446 2324 ὅ
486 2268 581 2340 τὴν
618 2269 813 2341 σκηνὴν
848 2268 947 2326 τοῦ
987 2273 1322 2345 μαρτυρίου,
1388 2266 1419 2324 ὁ
1453 2267 1533 2341 τῷ
1573 2265 1734 2340 σόφῳ
1773 2267 2088 2342 Σολομῶνα
2123 2268 2446 2346 προστάξας
2481 2268 2842 2343 οἰκοδομῆσαι
2881 2267 3030 2330 οἶκον

415 2353 573 2429 ἅγιον
607 2361 699 2412 καὶ
734 2355 1023 2434 περιφανῆ.
1095 2356 1239 2411 Gom·
1272 2355 1362 2411 rit.
1398 2355 1580 2425 (3121).
1619 2354 1741 2410 664.

588 2443 654 2498 V.
695 2447 839 2497 12—-
855 2446 953 2498 14..
992 2445 1333 2499 Sacramenta
1378 2443 1578 2497 umbroe
1618 2445 2005 2512 proecnrrentia
2049 2443 2177 2497 sind
2225 2443 2316 2498 dic
2362 2445 2875 2516 vorausgehenden
2929 2463 3031 2519 ge-

411 2530 876 2585 heimnissvollen
924 2529 1231 2585 Vorbilder
1286 2528 1385 2582 dos
1434 2529 1591 2583 alten
1637 2529 1989 2585 Testaments
2031 2531 2314 2600 (umbra),
2374 2530 2595 2585 welche
2630 2547 2835 2603 wegcn
2873 2533 3033 2588 ihrer

412 2614 995 2686 Uebereinstimmung
1028 2614 1128 2670 mit
1164 2616 1288 2669 dem
1320 2614 1388 2671 N.
1415 2615 1476 2669 Τ.
1512 2618 1766 2670 concinna
1803 2621 2053 2687 gonannt
2086 2616 2199 2672 und
2235 2630 2350 2672 von
2386 2616 2452 2672 V.
2481 2618 2548 2671 15
2586 2633 2659 2673 an
2695 2617 3032 2691 aufgezihlt

413 2704 666 2759 werden.

591 2790 657 2844 V.
694 2792 777 2845 15.
830 2790 952 2848 Eva
1005 2789 1064 2844 in
1119 2793 1258 2861 typo
1309 2790 1565 2845 ccclesiae
1621 2788 1691 2844 de
1735 2793 1902 2844 costa
1951 2789 2066 2843 viri
2119 2787 2412 2845 aedificata.
2480 2791 2696 2846 Hieron.
2747 2793 2805 2847 in
2856 2792 3024 2848 Joan.

412 2879 597 2934 Jews,
632 2880 718 2931 22.
788 2877 845 2933 S.
881 2878 986 2933 No.
1026 2878 1146 2947 154,
1180 2880 1266 2931 24.
1335 2878 1496 2933 Nach
1533 2877 1637 2933 der
1671 2880 1864 2948 typica.
1873 2880 2144 2946 expositio.
2197 2877 2416 2950 Greyor.
2431 2878 2505 2933 M.
2541 2880 2690 2936 hom.
2729 2878 2790 2934 in
2821 2880 3021 2935 Enoch.

413 2967 673 3036 1,12,·1.

586 3050 654 3105 V.
691 3054 759 3104 15
794 3047 1022 3122 ssg.1st
1068 3049 1379 3105 deutlichcr
1425 3049 1518 3104 bei
1562 3051 1827 3119 Auywtt'n.
1875 3063 2038 3103 serm.
2085 3049 2219 3117 336,
2257 3052 2305 3103 5.
2354 3066 2422 3105 so
2471 3050 2878 3121 ausgedriickt·
2942 3053 3017 3107 do

411 3138 593 3193 latero
630 3140 809 3194 Adam
856 3137 1013 3193 facta
1060 3143 1149 3193 cst
1182 3138 1330 3207 Eva,
1398 3152 1522 3208 quae
1559 3153 1664 3191 nos
1699 3137 1989 3206 peccando
2024 3132 2421 3206 mortificaret,
2484 3137 2552 3193 de
2591 3136 2802 3195 Christi
2835 3145 3026 3195 autem

410 3224 597 3280 latero
644 3223 803 3280 facta
851 3223 939 3280 est
986 3225 1230 3281 ecclesia
1248 3265 1262 3293 ,
1325 3240 1450 3295 quae
1487 3240 1592 3278 nos
1628 3222 1902 3293 pariendo
1939 3219 2272 3281 vivificaret.
2342 3224 2556 3281 Ferner
2592 3241 2780 3280 sermo
2814 3228 2901 3295 22,
2938 3229 3025 3281 1⁰.

412 3312 545 3381 qnia
580 3312 692 3366 duo
726 3317 993 3381 parentes
1041 3327 1147 3367 nos
1196 3313 1513 3382 genuerunt
1558 3310 1633 3364 ad
1676 3315 1944 3379 mortem,
2009 3310 2120 3365 duo
2156 3315 2418 3381 parentes
2441 3308 2562 3366 'nos
2599 3318 2916 3382 genuerunt
2951 3313 3028 3369 ad

410 3396 599 3450 vitam.
696 3398 999 3465 Parentes,
1056 3397 1151 3468 qui
1185 3414 1290 3452 nos
1328 3401 1646 3468 genuerunt
1678 3398 1754 3451 ad
1791 3401 2058 3466 mortem,
2105 3396 2283 3452 Adam
2319 3402 2408 3453 est
2444 3402 2502 3451 ct
2535 3397 2685 3453 Eva:
2738 3402 3026 3470 parentes,

410 3481 507 3552 qui
542 3497 648 3536 nos
690 3488 1003 3551 genuerunt
1038 3484 1112 3537 ad
1147 3483 1336 3551 vitam,
1373 3482 1632 3539 Christus
1669 3487 1758 3537 est
1792 3489 1852 3538 ct
1886 3481 2142 3539 ecclesia.
2194 3485 2342 3539 Idem
2368 3484 2426 3537 in
2452 3499 2537 3537 cv.
2567 3485 2695 3540 Joh.
2724 3489 2795 3539 tr.
2824 3488 2947 3555 120,
2971 3490 3026 3542 2.

411 3566 686 3622 secundus
723 3567 900 3622 Adam
937 3568 996 3621 in
1032 3584 1196 3623 cruce
1233 3568 1533 3637 dormivit,
1590 3575 1653 3625 ut
1686 3568 1816 3624 indo
1854 3567 2197 3627 formaretur
2233 3570 2507 3643 conjunx,
2546 3571 2700 3643 quod
2735 3572 2803 3627 de
2840 3573 3028 3629 latere

411 3656 737 3713 dormientis
775 3653 1003 3712 effluxit.

588 3744 653 3799 V.
696 3746 778 3800 19.
835 3745 1087 3815 Chry-³0³1.
1126 3745 1195 3798 dc
1232 3748 1401 3798 terrae
1436 3750 1595 3799 motu
1631 3761 1676 3799 c.
1713 3748 1763 3801 ’1.
1817 3744 1852 3816 ἦ
1891 3746 2141 3818 ἐκκλησία
2175 3746 2423 3821 κιβωτὸς,
2459 3741 2491 3803 ὁ
2527 3744 2660 3803 Νῶε
2696 3741 2727 3803 ὅ
2763 3746 3030 3821 Χριστὸς,

408 3830 446 3903 ἦ
484 3830 779 3908 περιστερὰ
825 3832 887 3886 τὸ
924 3828 1136 3903 πνεῦμα
1176 3829 1240 3886 τὸ
1288 3829 1473 3901 ἅγιον,
1521 3830 1585 3887 τὸ
1623 3829 1827 3902 φύλλον
1861 3832 1958 3903 τὴς
1999 3833 2186 3896 ἐλαίας
2221 3833 2257 3904 ἦ
2294 3835 2695 3909 φιλανθρωπία
2728 3832 2827 3889 τοῦ
2863 3830 3027 3889 θεοῦ.

410 3918 565 3975 Arca
617 3918 862 3973 ccclesia
908 3922 1011 3972 est.
1082 3919 1289 3988 Auyust.
1337 3917 1395 3971 in
1442 3933 1529 3972 cv.
1576 3916 1707 3974 Joh.
1753 3919 1818 3988 6,
1874 3920 1957 3973 19.
2028 3919 2363 3975 Periclitata
2399 3924 2487 3974 est
2523 3934 2660 3974 arca
2694 3917 2753 3973 in
2790 3918 3028 3988 diluvio,

410 4004 770 4076 periclitatur
805 4004 1052 4059 ecclesia
1086 4005 1144 4060 in
1180 4006 1400 4060 mundo.
1453 4036 1516 4047 -—
1582 4007 1716 4061 Dies
1739 4022 1827 4064 mc
1856 4003 2110 4077 deficiet,
2173 4007 2225 4062 si
2261 4007 2448 4062 omnia
2482 4022 2635 4062 arcae
2671 4011 3034 4062 sacramenta

412 4107 538 4148 cum
574 4092 816 4148 ecclesia
851 4108 1191 4164 componens
1229 4093 1546 4149 edisseram.
1602 4094 1814 4152 Hieron.
1850 4097 1976 4151 adv.
2013 4092 2253 4150 Lucifer.
2287 4097 2371 4149 22.

594 4180 659 4235 V.
696 4183 780 4236 71.
835 4181 1029 4236 lectus.
1087 4181 1230 4248 Quid
1265 4186 1395 4238 sunt
1426 4182 1487 4237 in
1525 4187 1725 4239 sancta
1759 4183 2002 4239 ecclesia
2036 4180 2446 4251 thalami,.nisi
2481 4194 2676 4236 eorum
2710 4177 2918 4247 corda,
2969 4178 3030 4232 in

412 4267 615 4336 quibus
649 4269 834 4323 anima
867 4284 971 4339 per
1008 4284 1256 4324 amorem
1293 4285 1506 4339 sponso
1555 4268 1825 4324 invisibili
1865 4269 2156 4343 jungitur,
2218 4274 2283 4324 ut
2319 4269 2446 4341 ejus
2483 4266 2768 4323 desiderio
2804 4265 3027 4334 ardeat,

410 4352 569 4408 nulla
587 4355 738 4426 jam,
777 4371 901 4425 quae
937 4355 995 4408 in
1032 4356 1237 4411 mundo
1265 4360 1411 4425 sunt,
1451 4355 1829 4426 concupiscat,
1865 4356 2162 4426 praesentis
2190 4357 2327 4410 vitoe
2354 4354 2764 4426 longitudinem
2798 4366 3029 4422 poenam

409 4438 655 4510 deputet,
693 4442 848 4496 exire
884 4439 1117 4496 festinet
1152 4447 1211 4496 et
1245 4442 1456 4496 amoris
1494 4443 1753 4513 amplexu
1786 4442 1847 4497 in
1874 4442 2122 4499 coelestis
2150 4443 2350 4514 sponsi
2375 4441 2594 4499 visione
2619 4437 3027 4512 requiesceret

408 4524 630 4596 (ἕτερον.
665 4528 734 4583 Μ.
770 4527 917 4584 hom.
954 4528 1014 4582 in
1046 4528 1243 4586 Ezech.
1279 4531 1332 4599 2,
1367 4530 1418 4599 3,
1455 4528 1503 4583 8.
