3159 5259
302 716 477 790 267.
542 715 662 786 De
716 710 1079 785 benefieiis
1131 709 1246 785 dei
1298 666 1753 811 generalibus
1807 720 1876 781 et
1924 711 2320 808 praeeipuis.
2386 708 2705 810 hymnus.

193 937 656 1006 Creaturarum

280 1042 557 1106 omnium
601 1040 832 1105 merita

193 1145 379 1211 simul
422 1144 491 1209 in
533 1161 729 1208 unum

279 1247 334 1310 si
378 1245 594 1311 forent
638 1250 982 1327 congesta,

190 1348 390 1417 hudo
433 1348 776 1430 nequirent

282 1453 520 1518 efferre
565 1458 631 1516 te
677 1450 906 1534 digna,

375 1552 627 1617 trinitas
671 1558 916 1616 sancta.

193 1717 356 1799 Quae
400 1717 707 1783 bonitatis

284 1825 416 1883 tnae
462 1815 722 1880 divitias

193 1918 453 1986 abunde
498 1919 657 1982 satis

282 2023 351 2089 in
393 2022 651 2086 homine
695 2026 1048 2101 monstras,

196 2146 388 2210 quem
430 2144 574 2208 prae
619 2123 863 2189 creatis

282 2230 400 2294 tibi
443 2228 815 2293 consimiles

371 2350 451 2397 ac
489 2330 761 2397 multum
809 2346 1007 2396 amas.

196 2494 515 2575 Quantum
561 2495 791 2561 amasti

282 2600 454 2665 hunc
499 2618 698 2682 supra
741 2598 1067 2682 meritum,

195 2700 326 2766 hoc
377 2699 758 2781 declarasti,

285 2812 355 2867 tu
398 2808 589 2886 pater
635 2802 946 2882 omnium,

199 2906 349 2991 quia
395 2903 652 2967 donasti

284 3023 408 3090 pro
453 3005 589 3069 vita
633 3003 956 3068 hominum

377 3117 553 3175 tuum
597 3108 814 3173 filium.

202 3271 408 3355 Quam
453 3270 1002 3358 amplectendum,

288 3374 463 3459 quod
505 3376 719 3439 lumen
766 3372 1019 3438 luminis

196 3480 534 3562 patrisque
579 3481 851 3542 verbum

288 3589 479 3647 natus
524 3583 612 3645 sis
657 3579 932 3665 virginis
945 3628 964 3663 ,

197 3692 271 3753 ut
311 3705 434 3768 per
478 3694 544 3750 te
589 3687 799 3771 ipsum

286 3807 631 3855 succurras
675 3790 951 3875 perditis

365 3889 540 3957 Adae
585 3892 752 3957 filiis.

192 4050 360 4116 Nam
406 4053 677 4118 caritate

283 4168 395 4224 tua
438 4180 580 4244 prae
623 4164 818 4227 nimia

194 4261 278 4328 de
321 4271 649 4345 potestate

280 4364 450 4431 liber
493 4367 834 4450 tyrannica

186 4466 329 4552 jam
375 4467 691 4552 dignitate

285 4570 470 4636 fruor
515 4570 748 4637 deifica
761 4623 781 4656 ,

373 4674 482 4739 diu
523 4675 802 4760 perdita.

1369 1912 1450 1977 10

1359 2494 1450 2581 ‘15

1369 3002 1568 3065 20*

1370 3581 1452 3642 25

1369 4161 1454 4224 30

1363 4680 1454 4781 35

1552 935 1667 1003 Me
1711 934 1779 999 ni
1821 933 2142 1016 zelasses,

1640 1047 1739 1121 tu,
1785 1037 2047 1121 quando
2090 1054 2366 1103 carneus
2384 1082 2404 1120 ,

1552 1163 1658 1209 me
1701 1143 1771 1208 ni
1813 1142 2144 1209 salvasses
2162 1188 2181 1225 ,

1632 1247 1779 1331 jam
1821 1266 2032 1312 essem
2074 1248 2427 1331 reprobus,

1555 1349 1624 1415 ni
1667 1349 2134 1433 triumphasses
2147 1396 2165 1431 ‚

1642 1452 1928 1518 coelestis
1975 1451 2187 1516 aditus

1730 1552 1885 1617 mihi
1932 1551 2159 1617 invius,

1555 1715 1735 1783 Vere
1779 1716 2029 1781 zelator

1643 1826 1714 1884 tu
1755 1817 2197 1901 fidelissimuS,

1555 1940 1719 1985 vere
1764 1919 2057 1985 salvator

1644 2029 1717 2088 tu
1762 2020 2309 2088 constantissimus
2328 2068 2348 2103 ,

1558 2135 1629 2193 tu
1672 2126 2049 2211 praemiator

1643 2229 2243 2314 superlargissimus

1732 2334 1892 2398 satis
1922 2330 2246 2399 omnibus.

1553 2498 1723 2564 Nam
1767 2502 1833 2560 te
1875 2501 2188 2560 nascente

1644 2601 1975 2667 confertur
2018 2598 2326 2683 pretium,

1556 2712 1625 2768 te
1667 2703 1983 2767 moriente

1647 2806 1919 2869 solvitur
1962 2803 2274 2883 debitum,

1558 2917 1627 2972 te
1672 2913 2058 2989 resurgente

1646 3009 1951 3094 panditur
1991 3010 2285 3075 meritum
2298 3053 2316 3089 ‚

1738 3112 1927 3175 datur
1967 3108 2319 3195 praemium.

1562 3273 1766 3353 Quam
1809 3270 2126 3354 gaudioso

1642 3384 1717 3441 tu
1759 3374 1912 3440 mihi
1957 3373 2211 3456 genitus
2231 3419 2250 3453 ‚

1559 3501 1753 3564 quam
1796 3481 2125 3544 fructuose

1645 3592 1715 3648 tu
1759 3582 1912 3646 mihi
1954 3587 2241 3644 mortuus
2254 3626 2273 3662 ,

1561 3708 1752 3772 quam
1797 3685 2084 3770 gloriose

1648 3790 1931 3856 cernitur
1973 3805 2218 3852 vacuus

1736 3901 1882 3957 tuus
1926 3891 2221 3978 tumulus,

1562 4055 1657 4119 Te
1702 4054 2059 4136 honorare,

1647 4166 1845 4242 prout
1888 4175 2058 4223 nunc
2102 4162 2376 4238 appeto,

1563 4269 1632 4324 te
1677 4260 2048 4340 redamare,

1653 4371 1957 4447 quantum
2000 4378 2171 4426 nunc
2215 4359 2459 4440 debeo,

1564 4479 1760 4553 teque
1805 4467 2106 4547 laudare,

1654 4572 1944 4655 quamvis
1988 4570 2332 4654 nequiere,

1740 4694 2081 4756 numquam
2124 4674 2373 4739 tacebo.

2722 1347 2810 1412 40

2723 1916 2813 1980 45

2724 2492 2819 2555 50

2727 3003 2817 3065 55

2725 3573 2808 3637 60

2728 4148 2810 4209 65

2733 4667 2817 4731 ’10
