3159 5259
68 472 261 550 ,Dies
308 476 454 560 illa,
501 476 642 541 dies
685 478 873 560 vitae,

88 576 244 641 dies
297 579 462 643 lucis
506 578 834 661 inauditae,

60 681 163 742 *et
210 693 396 744 mors
440 681 588 764 ipsa
630 681 969 764 morietur,

60 787 231 864 {qua
277 799 416 846 nox
459 783 663 848 omnis
709 784 1093 850 destruetur.

60 889 67 928 ,
540 909 545 914 .

85 968 301 1037 Ecce,
328 991 450 1036 rex
494 970 902 1035 desideratus
1275 971 1359 1034 25

90 1080 165 1136 et
213 1093 257 1136 a
293 1073 490 1156 justis
535 1079 956 1155 exspectatus

60 1191 71 1228 -*
78 1176 236 1261 jam
283 1177 548 1240 festinat
593 1184 932 1258 exoratuS,

88 1280 185 1345 ad
233 1280 615 1345 salvandum
668 1285 1096 1363 praeparatus,

60 1467 254 1544 {Jam
300 1468 565 1531 festinat
609 1487 729 1531 rex
774 1466 1087 1548 coelestis,

81 1570 307 1654 judex
352 1580 572 1636 noster
616 1579 809 1653 atque
855 1571 1059 1650 testis,
1271 1570 1357 1633 30

92 1673 487 1738 festinanter
533 1673 911 1757 apparebit,

60 1803 61 1808 ¹
93 1776 311 1842 omnis
357 1792 514 1841 caro
561 1794 750 1858 quem
795 1775 1060 1840 videbit.

94 1962 477 2049 Apparebit
518 1980 640 2027 nec
688 1961 972 2028 tardabit
991 2010 1007 2042 ,

96 2067 325 2131 veniet
370 2086 450 2132 ac
499 2066 966 2131 demonstrabit

92 2171 396 2253 gloriam,
446 2190 639 2253 quam
682 2169 1161 2253 praestolantur,
1271 2169 1354 2232 35

98 2274 214 2357 qui
255 2291 381 2357 pro
425 2272 556 2337 fide
603 2273 1006 2339 tribulantur.

100 2458 159 2528 0
203 2480 393 2543 quam
436 2461 629 2545 pium,
679 2479 720 2525 o
764 2481 954 2544 quam
999 2471 1275 2546 gratum,

100 2583 291 2648 quam
336 2583 564 2645 suave,
614 2583 804 2645 quam
848 2567 1106 2630 beatum

100 2667 226 2731 erit
270 2674 420 2731 tunc
462 2665 732 2731 Jhesum
777 2666 1001 2731 videre

100 2767 223 2850 bis,
270 2768 380 2850 qui
423 2787 567 2832 eum
616 2766 938 2831 dilexere!
1266 2771 1349 2834 40

102 2955 282 3021 Tunc
323 2954 565 3020 Jhesus
612 2954 818 3019 dulcis
862 2955 1101 3021 affectu

103 3066 169 3122 et
214 3058 521 3123 mirabilis
568 3064 839 3141 aspectu

99 3164 196 3228 sic
239 3163 539 3243 loquetur
583 3162 647 3225 in
693 3161 929 3227 effectu

100 3266 301 3330 omnis
347 3265 561 3329 carnis
605 3265 670 3328 in
717 3274 1099 3350 conspectu:

102 3472 277 3557 „Vos
322 3474 386 3536 in
429 3491 533 3536 me
581 3472 689 3554 qui
734 3472 1098 3537 credidistis
1261 3475 1344 3538 45

95 3585 164 3640 et
207 3577 313 3658 qui
358 3594 607 3641 mecum
650 3563 1095 3659 permansistis
1113 3625 1131 3658 ‚

99 3679 205 3761 qui
246 3696 368 3762 pro
411 3697 514 3742 me
557 3680 736 3763 passi
781 3680 1019 3759 fuistis,

96 3801 249 3848 ecce
292 3786 553 3864 bonum,
600 3784 774 3866 quod
819 3785 1168 3868 quaesistis,

94 3987 264 4054 Ecce
308 4012 603 4074 regnum,
651 3993 823 4075 quod
869 3994 1193 4077 spopondi

97 4099 165 4154 et
206 4092 374 4172 quod
416 4093 731 4159 hactenus
777 4097 1122 4178 abscondi,

96 4212 261 4259 nunc
302 4195 551 4280 videte,
599 4218 769 4263 nunc
812 4199 1079 4283 habete,

97 4315 260 4362 nunc
299 4306 592 4381 regnate,
639 4319 810 4367 nunc
854 4297 1205 4385 gaudete!“

2593 294 2728 360 ⁴1⁸2

1475 477 1694 559 [Tunc
1737 477 1931 542 electi
1965 477 2363 548 mirabuntur

1472 587 1542 643 et
1582 580 1889 643 mirantes
1936 580 2357 666 laetabuntur,

1471 680 1834 745 exultantes
1880 681 2368 766 respondebunt
2636 688 2720 751 55

1469 790 1537 847 et
1576 781 1962 864 laudabunt,
2008 802 2156 865 quae
2198 783 2545 852 videbunt:

1469 966 1650 1051 „Deo
1694 970 1943 1052 gratias
1990 991 2290 1056 agamus,

1464 1071 1786 1135 cernimus
1799 1120 1816 1152 ,
1864 1071 2043 1154 quod
2086 1077 2511 1158 sperabamus
2524 1126 2542 1161 ‚

1466 1172 1594 1237 deo
1638 1176 1886 1256 gratias
1932 1196 2200 1257 agamus

1466 1282 1533 1338 et
1578 1273 1904 1340 Christum
1941 1278 2494 1364 benedicamus.“]
2630 1284 2722 1356 60,

1464 1461 1519 1526 0
1564 1483 1756 1547 quam
1801 1464 2023 1550 dulce,
2069 1487 2258 1550 quam
2295 1469 2655 1555 jocundum

1464 1566 1589 1630 erit
1632 1575 1811 1650 tunc,
1858 1568 2075 1635 odisse
2119 1573 2456 1658 mundum,

1462 1674 1532 1732 et
1575 1686 1768 1749 quam
1811 1670 2023 1753 triste,
2070 1691 2260 1754 quam
2305 1694 2629 1760 amarum,

1464 1770 1770 1834 mundum
1814 1772 2120 1839 habuisse
2165 1794 2405 1843 carum.

1462 1959 1516 2024 0
1559 1962 1736 2026 beati
1781 1969 1932 2026 tunc
1975 1963 2273 2046 lugentes
2633 1973 2715 2036 65

1461 2072 1531 2128 et
1572 2082 1696 2147 pro
1743 2062 2004 2130 Christo
2047 2069 2402 2157 patientes,

1460 2167 1691 2249 quibus
1737 2169 1962 2235 saeculi
2004 2190 2315 2255 pressura

1457 2290 1667 2354 regna
1711 2271 1826 2337 dat
1872 2291 2135 2357 semper
2175 2295 2496 2344 mansura.

1456 2459 1553 2526 Ibi
1592 2460 1732 2544 jam
1776 2479 1906 2527 non
1953 2464 2077 2529 erit
2119 2475 2328 2532 metus

1358 2575 1363 2580 '
1458 2584 1670 2648 neque
1715 2566 1924 2632 luctus
1969 2588 2180 2654 neque
2224 2569 2446 2657 fletus,
2627 2577 2711 2641 70

1458 2686 1588 2732 non
1635 2678 1899 2751 egestas
1945 2689 2072 2737 non
2119 2684 2421 2742 senectus

1458 2770 1669 2834 nullus
1715 2771 1992 2856 denique
2039 2776 2348 2845 defectus.

1454 2955 1553 3021 Ibi
1600 2976 1733 3038 pax
1779 2960 1904 3024 erit
1943 2966 2251 3044 perennis

1456 3066 1524 3122 et
1566 3059 1791 3125 laetitia
1835 3064 2150 3146 solennis,

1452 3161 1576 3228 flos
1623 3172 1690 3228 et
1734 3164 1931 3231 decus
1968 3167 2332 3251 juventutis
2623 3177 2706 3239 75

1452 3274 1521 3330 et
1563 3268 1881 3352 perfectio
1929 3272 2171 3337 salutis.

1450 3471 1658 3538 Nemo
1703 3481 1922 3558 potest
1958 3476 2286 3559 cogitare,

1452 3582 1759 3656 quantum
1806 3576 1931 3642 erit
1973 3577 2286 3662 exultare,

1453 3685 1606 3743 tunc
1648 3679 1714 3743 in
1761 3681 1941 3745 coelis
1987 3681 2283 3750 habitare

1451 3789 1517 3846 et
1560 3800 1705 3847 cum
1759 3784 2012 3867 angelis
2056 3804 2355 3867 regnare.
2580 3785 2708 3850 180

1449 3979 1562 4051 Ad
1607 3988 1735 4055 hoc
1778 4009 2049 4073 regnum
2093 4011 2196 4055 me
2240 4009 2517 4077 vocare,

1258 4099 1342 4194 50
1441 4091 1650 4174 juste·
1659 4092 1906 4177 judex,
1953 4102 2105 4161 tunc
2150 4095 2455 4180 dignare,

1450 4213 1641 4277 quem
1690 4206 2026 4282 exspecto,
2072 4220 2260 4283 quem
2304 4200 2588 4283 requiro,

1448 4298 1536 4364 ad
1581 4319 1770 4384 quem
1816 4302 2043 4369 avidus
2089 4306 2361 4391 suspiro.
2433 4324 2639 4372 amen.

274 4488 366 4546 Hs.
394 4490 495 4546 der
523 4491 1098 4552 Seminarbibliotbek
1133 4512 1203 4551 su
1231 4495 1393 4552 'frier
1428 4495 1492 4564 0,
1524 4498 1606 4551 17.
1642 4510 1733 4551 am
1759 4496 1931 4568 finde,
1967 4513 2070 4553 aus
2098 4497 2223 4553 (lem
2251 4499 2320 4552 13
2337 4496 2534 4554 Jahrb.
2570 4496 2702 4566 (A).

268 4576 477 4649 Obiges
511 4578 749 4636 Gedicht
781 4582 937 4638 steht
968 4583 1112 4638 auch
1148 4582 1241 4640 bei
1273 4582 1363 4640 Du
1394 4582 1558 4639 Merit
1588 4581 1818 4654 poesie·
1854 4584 1928 4640 du
1962 4600 2169 4657 moyen
2203 4586 2317 4658 age
2366 4600 2422 4655 p.
2460 4583 2564 4639 108
2611 4583 2703 4640 als

95 4662 251 4720 'l'heil
283 4665 434 4722 eines
468 4670 773 4737 gronam
808 4668 1107 4727 Gedichtes
1147 4669 1295 4729 nach
1329 4668 1487 4727 einer
1522 4670 1620 4731 Rs.
1664 4670 1766 4728 des
1802 4674 1872 4729 12
1908 4672 2114 4733 Jahrb.
2150 4673 2278 4745 (Β).
2350 4672 2454 4733 uit
2486 4671 2603 4734 Str.
2629 4673 2704 4729 ⁶2

257 4787 429 4843 nm,
459 4785 631 4840 latona.
663 4786 913 4848 Hymen.
943 4787 986 4838 1.

2180 4767 2272 4836 2⁷
