3159 5259
2079 6 3157 250 ἦ

688 495 983 564 extendit
1027 507 1352 584 ventrem,
1399 503 1813 572 temulentum
1859 508 2173 593 reddiffit,

684 603 941 669 miscuit
984 603 1172 672 risus.
2691 624 2784 692 4⁰

681 762 946 849 Lugere
993 767 1188 833 modo
1234 788 1338 836 me
1380 774 1716 860 permitte,
1763 776 2054 861 domine,

679 868 882 951 mala,
931 889 1078 952 quas
1122 873 1331 956 gessi,
1379 894 1530 940 rens
1576 880 1659 943 ab
1709 878 2010 965 infantia,

681 970 983 1036 lacrimas
1026 973 1181 1038 mihi
1224 983 1337 1046 tua
1380 977 1579 1046 donet
1623 982 1837 1064 gratia

680 1073 897 1139 cordis
943 1078 1028 1141 ab
1071 1077 1220 1143 imo.

675 1238 878 1322 Meis,
920 1248 991 1306 ut
1035 1249 1229 1326 puto‘,
1268 1244 1442 1308 vitiis
1485 1252 1775 1313 tartarea
2686 1259 2780 1326 45

676 1349 1001 1408 tormenta
1042 1347 1256 1410 multis
1301 1365 1430 1411 non
1474 1349 1698 1414 valent
1743 1351 2083 1438 sufficere,

675 1445 799 1507 nisi
843 1455 1207 1530 succurrat,
1254 1447 1511 1514 Christe
1525 1499 1542 1533 ,
1591 1458 1700 1517 tua
1743 1455 1957 1537 pietas

675 1546 911 1610 misero
955 1547 1126 1611 mihi.

669 1708 929 1776 Nullum
973 1721 1313 1796 peceatum
1358 1733 1556 1799 super
1593 1723 1791 1782 terrae
1834 1717 2070 1784 faeiem

668 1822 887 1895 potest
929 1823 1041 1880 aut
1084 1817 1298 1881 scelus
1342 1819 1620 1882 inveniri
1663 1819 2047 1904 quodpiam,
2675 1824 2766 1892 5⁰

666 1935 709 1979 a
754 1931 1025 1997 quorum
1070 1935 1202 1984 non
1245 1921 1365 1983 sim
1408 1921 1775 2002 inquinatus
1819 1922 2093 1990 faeoibus

666 2017 893 2083 infelix
940 2039 1086 2104 ego.

664 2179 891 2265 Ortus,
937 2201 1241 2267 occasus,
1288 2185 1537 2268 aquilo,
1584 2188 1942 2269 septentrio
1963 2235 1982 2271 ‚

664 2287 900 2353 ooelum
945 2295 1283 2373 terraque,
1326 2308 1507 2354 mare
1526 2337 1545 2372 ‚
1590 2289 1838 2373 fonteS,
1884 2291 2148 2358 flumina

660 2398 730 2454 et
773 2391 978 2458 eolles
990 2439 1009 2474 ‚
1052 2391 1298 2477 campi,
1334 2392 1537 2458 mixta
1582 2411 1839 2475 quoque
1881 2395 2121 2460 rosulis
2669 2397 2762 2463 55

662 2493 799 2557 lilia
846 2492 1018 2559 flete.

659 2652 961 2737 Plangite
1011 2675 1261 2722 meeum
1306 2666 1484 2724 astra
1528 2658 1888 2743 rutilantia,

657 2774 906 2820 meeum
948 2761 1192 2840 mugite
1237 2762 1466 2826 bestiae
1510 2763 1827 2826 silvicolae
1846 2807 1866 2843 ,

665 2856 889 2940 «licite,
934 2867 1002 2924 tu
1048 2879 1123 2924 es
1165 2861 1391 2943 miser,
1439 2862 1549 2944 qui
1592 2866 1713 2927 sub
1757 2864 1955 2946 impio

660 2961 922 3025 crimine
968 2963 1192 3044 gemis,
2662 2968 2756 3035 60

659 3122 816 3202 Quis
859 3142 961 3187 me
1008 3123 1088 3187 de
1134 3144 1326 3190 manu
1371 3123 1607 3209 Cocyti
1649 3126 2062 3206 flammivomi

655 3228 797 3292 erui
840 3235 1058 3311 potest
1100 3228 1223 3291 nisi
1266 3229 1472 3311 patris
1516 3229 1689 3294 unici

653 3331 903 3415 proles»,
952 3332 1060 3412 qui
1104 3329 1405 3415 mundum
1449 3331 1739 3415 pretioso
1785 3329 2122 3414 sanguine

645 3435 798 3518 jure
844 3433 1167 3498 redemit?

647 3595 1048 3680 Redemptor
1090 3596 1339 3679 mundi,
1384 3597 1573 3661 unica
1619 3614 1773 3679 spes
1818 3597 2132 3681 omnium,
2654 3600 2754 3666 65

651 3700 921 3781 aequalis
965 3700 1139 3782 patri
1183 3706 1538 3781 sanctoque
1584 3699 1871 3782 spiritui,

644 3806 854 3869 trinus
899 3811 967 3868 et
1008 3822 1173 3868 unus
1219 3800 1381 3867 deus
1423 3803 1792 3887 invisibilis,

649 3908 806 3973 mihi
849 3909 1185 3976 succurre!

642 4083 724 4149 Si
764 4105 868 4149 me
913 4088 1125 4150 subtili
1170 4103 1411 4169 pensas
1456 4089 1574 4150 sub
1623 4087 1991 4169 libramine,

644 4206 801 4271 spes
846 4191 912 4253 in
956 4209 1056 4253 me
1103 4190 1279 4253 nulla
1324 4196 1616 4252 remanet
1660 4188 1951 4272 fiduciae,
2657 4186 2750 4256 ’1ss

644 4290 770 4356 sed
813 4289 1115 4374 rogativa
1157 4311 1259 4355 me
1305 4291 1515 4355 salvet
1560 4289 1853 4374 potentia

648 4393 819 4458 filius
865 4393 987 4458 dei.

642 4533 828 4639 Tolle
873 4583 1242 4659 peecatum,
1290 4573 1479 4638 delue
1530 4572 1857 4652 facinora,

620 4681 836 4744 ‚ablue
883 4679 1113 4744 sordes
1159 4680 1458 4768 donaque
1507 4676 1931 4758 charismata,
