3159 5259
108 495 296 564 Ratio
339 507 493 567 tun'c
535 502 817 568 veritate
1459 504 1614 572 Noli
1655 506 1849 591 flere,
1892 527 2019 575 nec
2061 510 2341 596 tristari,

192 600 368 667 clare
410 605 856 693 illustrabitur,
1269 612 1354 676 50
1543 609 1740 676 homo
1785 611 2244 697 pusillanimis,

106 706 411 774 memoria
453 707 700 774 summa
741 729 911 795 pace
1457 712 1517 776 si
1559 714 1895 797 contingat
1940 721 2008 778 te
2052 715 2324 798 gravari

187 807 381 891 plene
425 812 819 895 quietabitur
1542 814 1878 883 laboribus
1924 818 2126 882 variis
2143 865 2163 902 ,
2629 820 2723 888 ’10

102 910 530 999 voluntasque
575 918 867 986 bonitate
1454 935 1577 983 seu
1621 918 1917 1000 graviter
1959 918 2327 1004 impugnari

185 1021 325 1082 tota
365 1020 953 1090 transformabitur.
1543 1020 2025 1104 temptamentis
2073 1019 2408 1087 daemonis.

103 1196 467 1275 Consecuta
502 1208 644 1295 jam
684 1210 1004 1295 praedicta
1264 1214 1349 1277 55
1452 1201 1556 1271 En
1602 1203 1819 1285 audis,
1864 1204 2043 1288 qu⁰d
2083 1224 2217 1272 11011
2261 1208 2608 1293 θθῦἆῐόὓῠ

182 1306 342 1375 foris
355 1359 375 1396 ‚
418 1313 594 1379 intus
607 1361 627 1396 ,
670 1313 982 1396 undique,
1539 1308 1888 1391 passiones
1932 1309 2191 1393 saeculi,

100 1418 324 1478 saneta
366 1434 552 1480 mens
597 1434 790 1499 quam
831 1415 1178 1484 benedicta
1453 1415 1557 1472 081
1598 1409 1989 1492 1110111188οΜ
2041 1417 2175 1475 18111
2217 1410 2473 1494 insigne
2619 1411 2717 1478 ⁷5

186 1530 407 1582 coram
449 1538 613 1602 rege
657 1518 915 1603 gloriae,
1540 1512 1918 1595 mpiteffli
1961 1513 2212 1597 Pl*aemii
2227 1562 2247 1599 2

102 1610 195 1677 sic
237 1623 376 1683 tota
423 1619 904 1687 circumamicta
1453 1631 1584 1698 quo
1628 1614 2039 1683 donabuntur
2079 1617 2365 1703 benigne

185 1718 499 1788 claritatis
543 1722 817 1790 lumine!
1264 1727 1350 1792 60
1540 1724 1755 1790 cuncti
1799 1724 1907 1790 dei
1939 1726 2181 1793 famuli.

99 1894 155 1964 0
197 1918 504 1987 quantum
545 1908 694 1976 haeo
727 1909 1127 1995 jocundatur
1449 1906 1709 1975 Auctor
1748 1911 1912 1976 lueis
1956 1919 2026 1978 et
2065 1933 2192 1979 rex
2235 1913 2451 1998 pacis,

183 2013 409 2092 sponsi
450 2033 745 2097 praesens
790 2015 1027 2099 vultui,
1538 2011 1712 2079 dona
1752 2014 2164 2100 participium
2617 2014 2716 2082 80

100 2123 290 2189 quam
333 2115 612 2181 intrasse
656 2118 977 2201 gloriatur
1448 2123 1581 2183 tuae
1625 2118 1813 2182 nobis
1860 2117 2177 2183 claritatis

180 2213 249 2277 in
290 2217 599 2299 gaudium
643 2219 913 2304 domini,
1534 2239 1660 2304 per
1705 2220 1961 2287 unicum
2005 2220 2210 2285 filium

98 2311 242 2379 cibo
288 2337 546 2404 quoque
591 2324 928 2404 saginatur
1262 2325 1345 2389 65
1445 2342 1700 2408 perque
1744 2323 1988 2389 fontem
2038 2323 2331 2389 caritatis

183 2420 415 2489 eodem
460 2443 588 2507 quo
634 2426 871 2510 angeli.
1536 2427 1770 2493 almum
1813 2433 1992 2492 tuum
2035 2425 2353 2509 spiritum.

270 2605 366 2662 Hs.
416 2624 487 2662 zu
533 2607 873 2678 Karlsruhe,
927 2611 1076 2666 ohne
1122 2611 1416 2682 Nummer,
1473 2615 1543 2667 15
1590 2613 1792 2672 Jahrb.
1870 2612 1971 2670 Die
2007 2611 2254 2673 Melodie
2300 2610 2476 2671 sonte
2507 2609 2718 2684 beige-

96 2688 394 2751 sebrieben
428 2694 688 2764 werden,
752 2697 893 2752 aber
927 2696 1017 2752 die
1052 2697 1105 2752 N
1108 2700 1453 2755 otenstriche
1487 2699 1617 2756 sind
1650 2700 1791 2758 leer.

268 2816 341 2873 62
370 2831 643 2887 sponsus,
678 2817 772 2872 Hs.
844 2819 914 2871 ’⁷5
950 2822 1041 2874 est
1074 2814 1221 2875 fehlt
1256 2819 1359 2875 der
1392 2820 1485 2877 11⁸.

265 2938 331 2994 V.
370 2942 421 2994 1.
473 2939 645 2997 Modo
693 2954 818 2994 cum
863 2936 975 2995 fide
1023 2940 1214 3010 vides,
1266 2946 1399 2997 tunc
1446 2955 1570 2997 cum
1617 2942 1806 3013 specis
1853 2942 2091 2998 videbis.
2159 2942 2427 3012 Amyntam
2458 2939 2518 2996 in
2551 2940 2578 2998 1
2610 2953 2710 3011 epo·

96 3016 223 3077 Job.
256 3029 326 3081 tr.
362 3027 418 3096 6,
454 3028 502 3080 7.

272 3113 337 3170 V.
376 3116 407 3168 1
426 3145 489 3155 -
505 3114 557 3168 6.
608 3113 755 3169 Vere
805 3130 1061 3185 supernas
1108 3114 1577 3172 remunerationis
1626 3114 1855 3172 divitias
1897 3115 2142 3171 bumana
2186 3128 2345 3170 mens
2391 3111 2574 3171 nescit
2605 3125 2714 3175 exe

100 3199 357 3266 pendere.
428 3202 655 3258 Ennodii
691 3201 852 3271 epist.
890 3205 940 3271 1,
975 3203 1062 3257 20.

271 3290 338 3346 V.
377 3292 428 3343 7.
491 3304 628 3344 caro
664 3285 1004 3361 glorificata.
1068 3288 1463 3345 Immortalitas
1511 3289 1774 3358 corporis
1789 3328 1806 3358 ‚
1867 3301 1996 3360 quae
2040 3288 2208 3344 nobis
2253 3288 2314 3343 in
2357 3279 2470 3341 fine
2504 3283 2712 3343 futura

103 3376 470 3445 promittitur,
508 3391 632 3433 cum
665 3392 873 3452 magna
907 3376 985 3432 sit
1018 3392 1141 3445 res,
1177 3389 1291 3431 non
1325 3380 1414 3431 est
1448 3372 1713 3446 profecto
1747 3375 1899 3431 mole
1933 3390 2158 3446 magna,
2193 3375 2297 3431 sed
2327 3374 2465 3431 licet
2498 3388 2715 3446 corpo-

104 3457 297 3518 raliter
333 3462 641 3532 habeatur,
678 3462 1021 3533 incorporea
1056 3461 1310 3533 quaedam
1344 3459 1684 3517 excellentia
1717 3465 1821 3516 est.
1889 3462 2159 3532 Augustini
2194 3478 2284 3534 ep.
2317 3461 2442 3532 187,
2480 3464 2565 3516 12.

273 3551 339 3605 V.
380 3551 447 3604 13
482 3546 579 3621 fig.
630 3549 741 3608 Ubi
776 3549 1037 3623 gaudium
1086 3549 1206 3604 sine
1240 3564 1517 3619 merore,
1582 3547 1810 3620 requies
1844 3548 1966 3605 sine
2000 3548 2237 3619 labore,
2299 3547 2548 3620 dignitas
2581 3547 2711 3603 sine

96 3631 360 3707 tremore,
400 3651 539 3707 opes
575 3637 696 3692 sine
733 3637 1053 3706 ωιιίεείοιιε,
1090 3636 1305 3692 sanitas
1341 3636 1466 3693 sine
1500 3635 1797 3710 languore,
1833 3636 2179 3693 abundantia
2213 3636 2337 3692 sine
2373 3634 2716 3705 defectione,

99 3716 217 3776 vita
250 3726 372 3782 sine
408 3730 618 3795 morte,
654 3726 1005 3796 perpetuitas
1042 3725 1164 3780 sine
1199 3725 1564 3796 corruptione
1578 3765 1595 3795 ,
1631 3726 1923 3783 beatitudo
1957 3727 2082 3782 sine
2117 3725 2456 3781 calamitate.
2507 3722 2565 3778 S.
2600 3722 2716 3777 An·-

95 3809 239 3864 sebnia·
274 3815 422 3868 Cant.
454 3812 700 3868 meditat.
740 3813 822 3882 14,
860 3813 908 3868 6.
980 3811 1280 3883 Scriptura
1315 3811 1505 3868 divina
1541 3811 1718 3867 vitam
1753 3816 2023 3869 aeternam
2057 3813 2116 3866 in
2151 3810 2480 3883 cognitione
2513 3806 2714 3879 posuit

102 3887 414 3956 divinitatis
450 3904 509 3955 et
544 3898 733 3956 fructu
770 3901 934 3957 bonai
971 3899 1334 3971 operationis.
1389 3900 1625 3954 Amba-os.
1660 3899 1731 3954 de
1765 3897 1918 3955 offic.
1951 3898 2154 3953 minist.
2187 3901 2239 3967 2,
2274 3900 2327 3954 2.

270 3987 336 4042 V.
373 3988 456 4042 51.
494 3989 577 4042 52.
626 3987 731 4041 illa
777 3985 1178 4056 contemplatio
1226 3999 1490 4041 summam
1538 3984 1782 4055 quietem
1826 3984 2028 4051 babet,
2090 3998 2218 4053 quae
2262 3984 2323 4039 in
2359 3986 2577 4041 aterno
2613 3982 2716 4039 dei

100 4078 281 4139 regno
318 4073 614 4142 tribuitur,
650 4088 863 4127 summa
898 4088 1041 4127 vero
1076 4072 1234 4142 quies
1267 4071 1373 4125 illa
1406 4071 1701 4142 praemium
1736 4074 1827 4125 est
1851 4071 2142 4144 justornm
2175 4070 2466 4147 laborum,
2514 4069 2612 4144 qni
2642 4070 2718 4128 in

99 4157 353 4217 ecclesio
387 4159 800 4216 ministratione
835 4162 1200 4230 peraguntur.
1268 4158 1532 4229 Auyustin.
1570 4161 1770 4230 quaest.
1803 4172 2006 4231 evang.
2038 4159 2093 4230 2,
2126 4158 2216 4213 39.
