3159 5259
356 293 491 366 444

357 487 519 555 Post
559 487 716 554 vitae
760 486 957 554 finem
992 487 1204 575 judici
1578 489 1621 555 ὅ
1726 485 1877 554 eoeli
1921 493 2291 554 consortem
2335 488 2510 556 effici

449 591 786 658 tremendo
830 594 1243 677 praesentetis
1260 640 1280 678 ,
1813 590 2198 678 suppliciter
2240 596 2459 659 oretis.

360 829 432 885 ss.
485 742 793 887 ,εἳ-ἐλᾶαι·
846 743 1334 801 Stadtbibliothek
1390 757 1465 799 zu
1508 741 1721 813 naim,
1783 740 1985 802 Karth.
2035 741 2143 801 No.
2194 742 2317 798 040.
2378 743 2462 799 Bl.
2513 746 2631 802 108.
2693 762 2800 803 aus
2855 746 2990 806 den

536 936 574 988 2
610 931 891 991 roborent
925 933 1020 990 Hs.

536 1036 604 1093 V.
641 1041 689 1095 1.
721 1042 773 1096 2.
826 1040 1035 1113 Angeli
1072 1040 1352 1114 largiente
1389 1040 1497 1097 deo
1532 1040 1594 1096 in
1628 1041 1781 1098 omni
1807 1057 1915 1098 nos
1944 1042 2246 1098 certamine
2272 1047 2598 1115 protegunt.
2637 1075 2703 1085 —
2741 1045 2997 1116 undique

357 1125 506 1182 enim
557 1126 722 1182 nobis
771 1127 970 1182 adesse
1022 1128 1496 1200 circumspicimus
1511 1168 1527 1199 ,
1591 1145 1831 1201 quorum
1877 1126 2207 1186 defensione
2258 1135 2462 1185 contra
2508 1130 2883 1187 adversarios
2922 1150 2995 1189 ex

359 1215 511 1270 omni
544 1214 729 1271 latere
764 1213 1054 1271 munimur.
1108 1218 1327 1288 (ἕτερον.
1357 1218 1429 1273 Μ.
1464 1232 1604 1273 mor.
1641 1218 1729 1287 30,
1768 1219 1854 1272 64.
1923 1217 2030 1274 Die
2067 1217 2449 1290 sehutzengel
2481 1217 2709 1273 heissen
2745 1218 2843 1274 bei
2882 1217 2996 1276 den

353 1299 636 1358 Griechen
669 1302 1064 1379 προϊστάμενοι
1098 1301 1339 1378 ἄγγελοι.
1389 1305 1640 1376 omenes
1673 1305 1733 1361 in
1766 1305 1965 1364 matth.
2000 1306 2088 1377 14,
2121 1307 2210 1363 21.

889 1584 1064 1662 311.
1139 1588 1473 1688 Hymnus
1526 1585 1620 1661 de
1671 1586 1993 1689 angelis,
2048 1586 2140 1660 ad
2191 1587 2460 1661 laudes.

358 1784 654 1871 Christe,
722 1796 1095 1856 sanctorum
1151 1789 1351 1856 decus
1408 1810 1619 1876 ange·
1720 1783 2058 1876 Angelum
2098 1790 2292 1858 nobis
2335 1791 2653 1857 medicum
2698 1792 2939 1857 salutis

1144 1892 1387 1977 lorum,
1719 1895 1904 1958 mitte
1948 1893 2033 1959 de
2081 1894 2265 1959 coelis
2290 1893 2611 1979 Raphai'ael,
2655 1904 2729 1961 nt
2756 1912 2992 1960 omnes

360 1999 582 2058 rector
625 1993 887 2058 humani
931 1997 1194 2078 generis
1240 2004 1308 2061 et
1351 2004 1580 2063 auctor
1721 2005 1912 2063 sanet
2007 2004 2299 2080 aegrotos
2397 1999 2774 2082 pariterque
2865 2017 2993 2064 no·

359 2095 550 2160 nobis
588 2102 903 2160 aeternum
945 2098 1157 2162 tribue
1201 2098 1487 2182 benigne
2510 2109 2683 2166 stros
2909 2103 2990 2166 15

538 2197 856 2263 scandere
899 2198 1151 2265 coelum.
1896 2198 2140 2284 dirigat
2182 2207 2386 2267 aetus.

359 2347 692 2436 Angelum
723 2354 905 2439 pacis
934 2353 1223 2420 Michael
1249 2354 1336 2419 ad
1363 2354 1554 2419 istam
1576 2355 1616 2417 5
1721 2350 1890 2420 Hinc
1934 2350 2044 2417 dei
2085 2355 2296 2419 nostri
2335 2355 2623 2437 genitrix
2659 2354 2887 2421 Maria

359 2455 626 2548 coelitus·
661 2457 860 2539 mitte,
916 2460 1294 2541 rogitamus,
1342 2457 1573 2539 aulam,
1721 2461 1897 2520 totus
1942 2461 2011 2519 et
2051 2456 2241 2520 nobis
2287 2455 2528 2521 chorus
2573 2457 2964 2539 angelorum

360 2558 552 2622 nobis
596 2566 670 2622 ut
707 2561 942 2625 crebro
977 2561 1283 2624 veniente
1320 2565 1620 2625 crescant
1722 2574 1985 2642 semper
2031 2557 2297 2623 assistat
2341 2559 2529 2624 simul
2576 2566 2644 2623 et
2689 2561 2894 2625 beata

533 2675 857 2744 prospera
906 2669 1155 2725 cuncta.
1898 2657 2128 2724 concio
2172 2665 2329 2725 tota.
2903 2660 2998 2726 20

360 2808 663 2895 Angelus
707 2812 894 2877 fortis
940 2811 1207 2879 Gabriel
1248 2819 1320 2879 ut
1363 2814 1619 2879 hostem
1721 2811 2004 2878 Praestet
2043 2794 2176 2879 hoc
2217 2815 2406 2882 nobis
2452 2814 2661 2880 deitas
2704 2818 2913 2882 bem

360 2914 568 3000 pellat
587 2915 935 2999 antiquum,
963 2917 1196 2981 volitet
1220 2918 1302 2981 ab
1332 2917 1486 3001 alte,
1536 2919 1617 2982 10
1721 2915 1929 2999 patris
1974 2933 2055 2980 ac
2096 2917 2234 2979 nati
2277 2919 2652 3001 pariterque
2698 2922 2924 2983 sancti

361 3019 602 3102 saepius
646 3020 953 3103 templum
1004 3022 1227 3085 veniat
1269 3020 1354 3084 ad
1399 3018 1572 3085 istud
1722 3018 2005 3102 spiritus,
2054 3015 2242 3103 c'ujus
2283 3023 2520 3086 reboat
2560 3023 2627 3086 in
2673 3024 2852 3087 omni

543 3123 761 3188 visere
805 3134 1115 3190 nostrum.
1898 3123 2114 3205 gloria
2157 3125 2416 3190 mundo.

541 3265 639 3320 Hs.
673 3282 788 3322 von
823 3266 881 3322 S.
916 3267 1087 3322 Peter
1124 3283 1195 3321 zu
1228 3263 1540 3320 Karlsruhe
1594 3265 1699 3319 No.
1740 3264 1824 3318 16.
1877 3263 1979 3318 mit
2015 3263 2116 3320 der
2150 3264 2428 3336 Melodie,
2484 3269 2551 3321 15
2586 3267 2784 3323 Jahrb.
2849 3270 2995 3339 (A).

362 3351 459 3407 Hs.
494 3352 551 3406 in
587 3354 824 3410 meinem
857 3355 1065 3424 Besitz,
1102 3355 1172 3408 14
1205 3352 1399 3408 Jahrb.
1449 3353 1575 3422 (Β).
1647 3351 1744 3407 Hs.
1783 3366 1855 3406 zu
1893 3350 2174 3422 Freiburg
2222 3352 2328 3407 No.
2365 3354 2461 3421 56,
2518 3356 2587 3408 14
2619 3355 2815 3409 Jahrb.
2855 3356 2993 3426 (C).

361 3439 459 3493 Hs.
493 3455 609 3493 von
645 3440 704 3495 S.
742 3441 912 3497 Peter
946 3443 1051 3496 No.
1089 3444 1160 3496 32
1195 3457 1267 3495 zu
1304 3439 1633 3508 Karlsruhe,
1667 3441 1734 3494 15
1771 3437 1971 3495 Jahrb.
2022 3439 2150 3509 (D).
2217 3440 2322 3495 Bei
2361 3441 2561 3497 Tomasi
2594 3457 2646 3512 p.
2680 3443 2803 3496 397.
2870 3444 2993 3497 Das

359 3524 499 3580 Lied
532 3525 610 3580 ist
643 3542 757 3581 von
795 3527 921 3581 dem
954 3525 1198 3583 Bischof
1222 3528 1453 3583 Hraban
1489 3542 1606 3581 von
1641 3525 1840 3581 Μαίη.
1910 3524 2014 3580 Die
2051 3525 2267 3581 Kolner
2297 3527 2565 3598 Ausgabe
2602 3528 2704 3583 des
2740 3528 2996 3584 Torren-

360 3613 513 3668 tinus
548 3614 663 3669 und
699 3613 789 3668 die
827 3613 1147 3685 Groninger
1179 3614 1371 3669 lassen
1409 3614 1499 3668 die
1536 3612 1604 3666 V.
1642 3613 1854 3668 17-20
1887 3626 2050 3683 weg,
2086 3612 2307 3670 welche
2336 3614 2552 3686 jedoch
2584 3614 2644 3667 in
2680 3614 2787 3668 den
2823 3615 2994 3670 alten

361 3701 486 3757 Hss.
537 3701 733 3757 stenen
784 3701 898 3756 und
948 3699 1049 3754 der
1096 3700 1463 3772 Verbindung
1497 3700 1707 3756 Marias
1756 3699 1859 3754 mit
1907 3698 2016 3754 den
2051 3697 2273 3772 Engeln
2320 3700 2702 3758 vollkommen
2753 3703 2991 3773 gemin

362 3789 490 3845 sind
525 3789 662 3860 (No.
695 3792 851 3859 302).

535 3896 572 3949 3
610 3901 820 3953 aeterne
858 3897 923 3966 Ι),
959 3894 1238 3967 benignus
1274 3894 1432 3951 Bon.
1487 3896 1522 3947 5
1558 3894 1875 3966 rogitamus
1910 3895 2021 3952 CA.
2075 3896 2145 3948 11
2181 3891 2417 3949 veniens
2453 3893 2512 3948 in
2546 3893 2610 3948 B.
2671 3895 2741 3947 12
2775 3897 2995 3950 auctor

361 3982 514 4037 steht
548 3998 729 4038 voran
764 3983 877 4038 und
912 3988 1105 4038 rector
1139 3983 1286 4037 nach
1321 3984 1383 4038 B.
1460 3985 1530 4037 17
1568 3982 1697 4037 huic
1742 3983 1811 4038 A.

542 4085 609 4141 V.
645 4089 696 4140 1.
741 4087 924 4142 decus.
980 4087 1130 4142 Deus
1183 4091 1508 4143 sanctorum
1543 4086 1880 4159 angelorum
1915 4087 2154 4158 choros,
2208 4101 2353 4157 quos
2389 4085 2667 4155 condidit,
2722 4084 2781 4140 in
2819 4103 3000 4144 usum

359 4170 451 4228 sui
487 4172 712 4229 decoris
748 4173 1025 4230 assumsit.
1083 4173 1300 4244 δωρον.
1335 4174 1406 4229 Μ.
1441 4189 1582 4229 mor.
1615 4175 1703 4242 32,
1741 4174 1792 4228 8.

534 4261 598 4317 V.
637 4264 686 4316 5.
723 4263 774 4317 9.
812 4265 893 4317 13.
951 4278 1075 4317 cum
1123 4261 1318 4333 angeli
1369 4260 1443 4317 ad
1489 4278 1597 4318 nos
1652 4261 1867 4333 aliquid
1918 4259 2293 4317 ministraturi
2343 4257 2602 4326 veniunt,
2666 4256 2822 4328 apud
2877 4273 3000 4315 non

359 4349 531 4404 etiam
576 4348 805 4404 nomina
851 4365 888 4404 a
934 4348 1261 4404 ministeriis
1310 4350 1572 4406 trahunt:
1633 4348 1881 4407 michael
1927 4365 2193 4419 namque,
2247 4348 2373 4418 quis
2410 4352 2475 4401 ut
2517 4346 2682 4402 deus:
2749 4345 3004 4403 Gabriel

359 4441 575 4505 autem,
627 4433 909 4491 fortitudo
947 4434 1065 4489 dei:
1129 4434 1386 4507 Raphael
1434 4451 1579 4493 vero
1630 4435 1837 4492 «licitur
1881 4435 2159 4492 medicina
2211 4435 2318 4491 dei.
2373 4434 2592 4506 Greyor.
2627 4434 2700 4489 Μ.
2735 4432 2888 4489 hom.
2930 4434 3000 4490 in

360 4537 559 4594 evang.
596 4527 650 4594 2,
684 4525 771 4593 34,
809 4524 857 4578 8.
894 4523 942 4577 9.

534 4613 597 4666 ln
632 4612 741 4668 den
778 4613 1012 4670 Menaen
1050 4611 1193 4669 Nov.
1232 4612 1267 4667 8
1314 4612 1468 4667 steht
1511 4612 1657 4669 auch
1702 4612 1797 4668 ein
1841 4610 2190 4668 besonderes
2231 4608 2371 4668 med
2415 4607 2524 4665 auf
2551 4608 2658 4665 den
2693 4607 3004 4682 Erzengel

356 4695 602 4755 Gabriel.
2095 4729 2102 4734 -
