3159 5259
47 439 286 509 'Visum
325 442 560 507 mentis
604 439 966 508 obscurasti
979 485 1001 523 ,

49 563 285 610 manus
332 562 586 628 quoque
631 544 955 627 religasti,
1228 542 1315 607 30

48 668 161 712 me
206 648 572 731 temptabas
617 647 941 711 suffocare

48 757 126 816 et
171 752 448 834 optabas
493 749 836 815 devorare.

48 908 135 976 Si
176 913 481 977 volebam
523 911 853 995 respirare
868 957 889 993 ,

53 1019 133 1078 tu
174 1013 450 1078 nolebas
494 1011 706 1075 locum
751 1010 932 1093 dare,

54 1134 164 1179 me
209 1114 414 1200 pudet
458 1114 684 1197 culpas
728 1132 1034 1194 narrare,
1228 1111 1315 1176 35

59 1235 226 1300 quas
270 1218 581 1282 monebas
625 1223 1032 1300 perpetrare.

55 1395 232 1461 Nam
275 1413 420 1460 cum
463 1393 582 1458 tibi
623 1410 755 1457 non
796 1395 1143 1476 parebam,

57 1499 230 1563 iram
272 1503 445 1561 tuam
491 1496 874 1578 sentiebam,

60 1602 122 1665 si
169 1599 323 1682 quid
366 1599 516 1665 boni
562 1599 907 1681 faciebam,

62 1713 132 1772 te
180 1704 569 1771 contrariam
613 1704 949 1772 habebam.
1228 1704 1317 1769 40

62 1882 146 1949 Si
186 1885 486 1950 volebam
520 1884 861 1968 jejunare,

59 2007 173 2052 me
216 1985 481 2052 dicebas
524 1995 881 2069 aegrotare,

56 2102 171 2155 me
213 2091 525 2155 movebas
571 2088 994 2173 manducare,

54 2192 190 2256 nisi
232 2191 469 2256 vellem
510 2191 843 2274 pejorare.

50 2371 148 2439 ‚Si
190 2373 342 2456 quid
388 2372 621 2439 dabam
663 2372 998 2456 indigenti,
1227 2372 1313 2437 45

54 2476 421 2542 resistebas
466 2495 630 2540 meae
673 2477 907 2560 menti,

55 2577 319 2644 dicens:
369 2581 542 2664 „noli
586 2586 711 2643 tua'
741 2580 933 2662 dare,

49 2701 151 2748 ne
191 2682 452 2764 cogaris
493 2673 924 2746 mendicare.“

50 2859 142 2939 Si
183 2859 527 2924 laudabam
571 2864 1052 2942 paupertatem,

50 2966 235 3040 hanc
277 2962 544 3038 dicebas
588 2961 969 3025 falsitatem:
1231 2960 1317 3026 50

54 3066 337 3153 „melius
381 3071 483 3129 est
526 3083 935 3147 congregare

50 3188 256 3253 quam
300 3168 526 3250 egenis
571 3166 914 3250 quidquam
958 3161 1183 3232 dare.“

50 3350 141 3418 Si
183 3350 484 3416 volebam
532 3350 757 3433 culpas
800 3347 989 3430 flere,

50 3473 226 3539 quas
270 3473 373 3517 me
419 3470 724 3518 suaseras
769 3452 1042 3535 audere,

48 3566 137 3625 tu
179 3556 474 3638 dicebas,
521 3556 697 3639 quod
739 3577 862 3641 per
904 3556 1126 3640 fletus,
1228 3556 1315 3621 55

48 3651 293 3725 stultus
340 3658 566 3727 fierem
612 3667 679 3725 et
722 3679 957 3728 caecus.

48 3837 134 3908 Si
176 3841 513 3908 studebam
557 3861 877 3909 revocare
892 3889 912 3927 ,

49 3959 221 4025 quos
267 3949 611 4010 cernebam
656 3949 1001 4029 aberrare,

50 4060 189 4110 non
237 4049 542 4110 cessabas
571 4050 961 4131 mussitare:
1089 4105 1097 4113 .

52 4143 342 4231 „sufficit
384 4152 581 4210 temet
626 4143 947 4211 salvare.“
1224 4149 1310 4214 60

51 4315 133 4384 Si
174 4325 556 4402 peccantem
600 4321 989 4404 arguebam,
1103 4356 1111 4362 ·

52 4426 121 4484 te
168 4420 489 4485 dicentem
508 4419 907 4502 audiebam:

53 4522 184 4606 „ad
229 4524 443 4589 odium
487 4524 608 4590 hos
654 4525 958 4607 accendis

48 4631 281 4690 contra
324 4633 408 4710 te,
455 4630 618 4710 quos
660 4622 1154 4712 reprehendis.“

2399 322 2412 333 ,
2544 251 2676 315 413

1312 471 1315 476 -
1421 436 1499 504 Si
1546 439 1834 504 conabar
1882 433 2170 518 obedire,
2228 421 2237 430 ’

1420 544 1518 609 sic
1558 545 1924 627 temptabas
1970 540 2324 605 contraire:

1423 645 1696 730 „quibus
1742 644 1944 708 debes
1988 642 2200 726 major
2245 661 2414 726 esse,

1420 748 1658 833 subjici
1697 766 1829 814 non
1873 755 1975 813 est
2015 741 2349 812 necesse.“

1418 906 1497 976 Si
1537 911 1845 976 morabar
1886 910 1954 975 in
1997 909 2313 992 legendo,

1421 1014 1799 1078 stimulabas
1840 1032 1945 1077 me
1991 1012 2297 1077 dicendo:

1426 1105 1638 1200 „vade
1683 1117 1892 1198 magis
1938 1117 2203 1200 operari
2216 1163 2234 1198 ,

1424 1218 1597 1285 unde
1639 1221 1852 1304 possis
1897 1214 2304 1284 sustentari.“

1424 1396 1503 1466 Si
1544 1399 1848 1463 volebam
1890 1398 2195 1464 laborare
2208 1444 2227 1480 ,

1422 1507 1495 1567 tu
1537 1503 1849 1566 movebas
1891 1521 1995 1566 me
2039 1520 2350 1584 pausare,

1421 1624 1505 1670 ne
1552 1622 1792 1689 corpus
1838 1604 2238 1669 debilitarem
2258 1652 2276 1688 ,

1422 1707 1480 1771 si
1526 1706 1859 1771 laboribus
1901 1705 2228 1772 instarem.

1421 1882 1499 1949 Si
1544 1884 1848 1949 nolebam
1889 1883 2178 1966 litigare,

1420 1988 1519 2053 sic
1562 1989 1927 2071 temptabas
1973 1988 2288 2052 animare:

1425 2090 1759 2172 „omnibus
1804 2088 2151 2172 despectus
2198 2089 2327 2156 eris
2342 2135 2361 2173 ‚

1421 2190 1481 2254 si
1521 2197 1594 2255 tu
1638 2197 1869 2256 cuncta
1911 2186 2239 2273 patieris.“

1419 2368 1498 2436 Si
1541 2370 1822 2435 dormire
1867 2370 2104 2434 vellem
2145 2389 2401 2455 parum,

1418 2479 1492 2537 tu
1531 2474 1822 2538 vocabas
1864 2491 1968 2536 me
2012 2471 2327 2555 ignarum,

1418 2576 1720 2660 quoniam
1766 2577 1894 2642 cito
1937 2577 2257 2661 lippirem,

1419 2678 1826 2750 abundanter
1870 2682 1938 2745 ni
1983 2681 2345 2748 dormirem.

1420 2856 1501 2924 Si
1541 2861 1845 2927 volebam
1879 2882 2130 2947 ,parcus
2174 2880 2342 2945 esse,

1421 2960 1719 3027 dicebas:
1769 2981 1940 3046 „non
1984 2971 2086 3042 est
2127 2980 2418 3044 necesse,

1420 3064 1572 3147 quia
1615 3065 1671 3127 si
1717 3063 2060 3148 dispensas
2102 3083 2350 3148 parum,

1416 3169 1602 3233 multi
1646 3168 1864 3233 dicent
1907 3175 1975 3232 te
2020 3161 2349 3233 avarum.“

1416 3346 1495 3415 Si
1536 3349 1840 3416 volebam
1883 3369 2032 3415 esse
2077 3352 2322 3434 largus,

1416 3458 1489 3518 tu
1532 3452 1828 3519 dicebas:
1877 3461 2060 3539 „esto
2105 3472 2361 3542 parcus,

1417 3555 1573 3636 quia
1614 3556 1743 3619 cito
1789 3556 2189 3639 dilabuntur,

1417 3673 1565 3740 quae
1608 3658 1918 3741 paulatim
1962 3659 2403 3743 acquiruntur.

1418 3834 1604 3921 Ergo
1646 3840 1782 3903 vita
1824 3859 1934 3905 res
1976 3841 2230 3923 inepta,

1418 3940 1576 4004 solis
1620 3939 1813 4004 fatuis
1858 3948 2162 4023 accepta,

1417 4059 1562 4107 cum
1608 4042 1696 4104 sis
1737 4050 1879 4108 tota
1920 4044 2118 4127 plena
2160 4042 2377 4125 sorde,

1415 4150 1483 4210 te
1525 4144 1739 4210 refuto
1784 4153 1924 4212 toto
1970 4146 2189 4213 corde.

1416 4312 1582 4379 Toto
1628 4316 1828 4381 corde
1874 4324 1941 4381 te
1986 4316 2228 4398 refuto,

1411 4435 1537 4500 nec
1585 4419 1969 4484 sententiam
2013 4425 2367 4502 commuto,

1409 4527 1684 4584 mortem
1727 4521 1883 4585 volo
1930 4522 2078 4606 plus
2125 4509 2358 4588 subii-e.

1408 4624 1529 4690 tibi
1570 4624 1709 4692 vita
1751 4642 1945 4709 quam
1986 4627 2256 4691 servire.

2588 440 2674 502 65

2591 1012 2676 1077 ⁷0

2590 1605 2677 1668 75

2586 2191 2676 2255 80

2583 2861 2674 2926 85

2586 3455 2671 3520 90

2588 4043 2674 4105 95

2479 4625 2672 4692 -200
