3159 5259
2604 323 2730 389 141

112 518 246 587 Hic
290 524 392 583 est
433 516 675 596 lectus,
721 529 850 595 quo
894 510 1213 597 perfectas
1478 509 1549 575 in
1590 510 1828 576 virtute
1873 511 2194 593 mationa,

119 622 417 689 caritatis
462 619 577 683 dat
621 617 879 682 dilectae
1480 613 1553 678 in
1591 614 1930 698 triumphis
1974 614 2266 696 gloriosa
2283 660 2301 694 ,
2650 614 2733 678 35

140 754 149 763 ·
207 740 489 822 sponsus
533 737 795 804 sponsae
838 718 1116 802 pignora
1135 765 1153 799 ,
1297 716 1378 778 15
1567 713 1948 779 veneranda
1991 715 2265 778 saeculis.

117 828 275 894 dum
320 825 465 911 ejus
512 842 733 889 amore
776 829 1018 886 motum
1482 873 1571 942 h
1602 880 1672 939 ω
2015 892 2198 940 mors
2239 876 2530 959 novavit,

116 931 348 999 tribuit
385 946 464 1044 3³0
501 928 711 1013 ipsum
755 934 960 991 totum
1484 978 1635 1043 dum
1679 996 1752 1043 se
1796 980 2005 1063 ipsum
2047 978 2402 1045 immolavit

207 1040 437 1096 morus
480 1047 707 1094 serens
748 1028 1042 1092 vulnera·
1568 1103 1730 1173 isera
1776 1082 2069 1147 Christus
2115 1084 2360 1149 hostia:

117 1194 247 1262 Hic
293 1193 594 1258 dilectum
638 1190 1061 1258 rubicundum
1479 1170 1620 1270 per*
1648 1195 1711 1251 te
1758 1182 2050 1253 Christus
2095 1174 2281 1267 hostse
2326 1196 2561 1273 strato,
2649 1190 2735 1255 40

116 1317 369 1386 sponsa
396 1316 622 1379 cerne,
666 1295 753 1360 da
790 1313 903 1362 cor
940 1294 1243 1361 mundum
1287 1295 1373 1358 20
1476 1290 1734 1355 inferno
1780 1289 2146 1375 despoliato
2166 1340 2185 1375 ‚

210 1411 279 1467 et
324 1401 629 1485 amplecti
672 1399 945 1483 cupido:
1572 1393 1659 1457 ed
1703 1412 1777 1458 se
1821 1395 2021 1459 traxit
2065 1397 2295 1459 omnia.

120 1504 211 1572 (la
258 1505 597 1589 amplexus
621 1551 639 1585 ‚
684 1504 820 1586 liga
864 1520 1107 1585 nexuS,

118 1608 235 1677 hic
280 1609 545 1690 amori8‚
596 1605 841 1688 cordiS,
878 1602 1020 1670 ‘oris

209 1721 285 1778 ut
330 1711 570 1777 [tueris
617 1709 911 1775 candido.

1485 1554 1761 1622 Crucem
1807 1565 1979 1622 tuam
2026 1559 2135 1641 qui
2178 1560 2458 1642 portasti

1482 1668 1550 1725 et
1592 1679 1716 1725 nos
1758 1660 1982 1745 lapsos
2025 1663 2349 1745 reparasti

1566 1763 1853 1846 propriis
1899 1763 2265 1827 doloribus:
2653 1767 2740 1830 45

124 1878 179 1946 0
225 1896 401 1959 crux,
450 1895 565 1942 ave
609 1874 795 1939 dulce
840 1874 1118 1956 lignum,
1295 1873 1377 1936 25
1482 1865 1591 1931 fac
1635 1885 1755 1930 nos
1799 1868 1980 1951 ipsos
2026 1870 2389 1951 abnegare,

124 1978 500 2046 orthodoxa
543 1977 735 2042 laude
784 1975 1045 2059 dignum
1486 1989 1746 2035 crucem
1791 1980 2075 2035 nostram
2121 1971 2418 2055 bajulare

215 2082 606 2165 dignumque
652 2078 991 2143 memoria!
1571 2075 1813 2139 sanctis
1857 2076 1923 2138 in
1968 2076 2295 2159 operibus,

124 2194 195 2251 te
239 2185 533 2249 salvator
578 2183 944 2247 sublimavit

125 2296 197 2353 et
239 2295 305 2351 te
352 2285 538 2351 nobis
585 2283 1020 2366 consecravit,
1482 2237 1712 2304 Lande
1762 2258 1973 2305 ‘mmm
2019 2259 2126 2323 ‘1¹¹¹
2171 2241 2500 2323 laetamur,

212 2400 289 2457 tu
333 2408 404 2454 es
448 2396 673 2453 nostra
717 2388 946 2470 gloria.
1294 2388 1379 2449 30
1486 2342 1745 2409 Christe
1794 2343 1909 2426 (ἰδ’
1962 2351 2033 2407 ut
2077 2345 2436 2408 muniamur
2653 2348 2738 2410 5⁰

1574 2449 1785 2514 crucis
1829 2447 2182 2513 beneficio:

128 2554 378 2621 Contra
422 2555 644 2618 hostes
689 2561 758 2618 tu
804 2553 1036 2635 tutela,
1487 2559 1557 2616 ut
1601 2552 1666 2615 in
1711 2570 1905 2616 cruce
1954 2553 2334 2636 gloriemur,

129 2667 364 2726 contra
405 2661 667 2722 morbos
712 2665 780 2722 tu
825 2656 1109 2739 medela,
1486 2663 1600 2723 tuo
1645 2658 1826 2723 vultu
1870 2660 2175 2725 satiemur

214 2763 394 2829 salus
436 2767 504 2827 in
540 2761 870 2845 periculis:
1576 2760 1643 2824 in
1688 2763 1836 2827 oceli
1877 2764 2141 2846 palatin.

307 2964 405 3021 Hs.
441 2981 513 3018 zu
545 2964 869 3019 Darmstadt
916 2964 1020 3019 No.
1059 2964 1211 3017 1228.
1259 2964 1361 3019 des
1409 2964 1476 3017 15
1512 2963 1705 3021 Jahrb.
1774 2964 1876 3018 Die
1911 2962 2356 3038 Anfangsworte
2393 2966 2495 3020 der
2529 2965 2738 3021 beiden

128 3058 325 3108 ersten
359 3052 536 3107 Verse
577 3053 896 3106 verweisen
932 3050 1040 3106 auf
1067 3052 1173 3106 den
1201 3050 1426 3123 Gesang
1461 3068 1550 3106 am
1577 3051 1969 3126 Charfreitag:
2009 3070 2137 3109 ecce
2176 3054 2389 3123 lignum
2418 3053 2599 3107 crucis
2628 3058 2733 3107 etc.

128 3141 244 3196 und
279 3140 386 3194 der
420 3137 648 3211 Anfang
686 3139 784 3193 des
820 3139 884 3193 V.
920 3140 990 3193 25
1038 3138 1262 3193 bezieht
1308 3138 1431 3193 sich
1465 3136 1572 3192 auf
1600 3140 1701 3195 das
1738 3142 1946 3196 achone
1982 3141 2146 3196 Lied:
2214 3157 2249 3195 ο
2287 3156 2423 3194 crux
2460 3156 2565 3196 ave
2602 3155 2735 3209 spes

127 3226 297 3283 unica
335 3232 457 3295 etc„
495 3227 595 3281 das
632 3228 778 3282 auch
812 3243 902 3282 am
938 3223 1304 3297 Charfreitag
1339 3241 1632 3298 gesungen
1665 3227 1828 3282 wird.
1898 3227 1965 3282 V.
2001 3230 2050 3283 4.
2099 3226 2364 3283 vexillum
2400 3226 2736 3299 triumphale

129 3314 305 3385 spielt
354 3311 462 3369 auf
490 3314 596 3368 den
630 3315 879 3385 Hymnus
917 3330 1016 3369 an:
1081 3314 1293 3368 vexilla
1338 3313 1494 3386 regis
1542 3315 1853 3386 prodeunt,
1915 3315 2029 3371 und
2063 3314 2128 3370 V.
2164 3317 2197 3368 5
2232 3311 2325 3387 fig.
2363 3315 2627 3370 erinnem
2663 3330 2735 3369 an

127 3402 233 3460 No.
273 3401 401 3470 101,
437 3404 487 3456 2.
521 3403 588 3471 3.,
626 3402 848 3457 endlich
883 3402 947 3457 V.
982 3404 1053 3458 33
1090 3419 1167 3458 an
1198 3403 1304 3458 No.
1338 3404 1461 3473 111,
1496 3404 1547 3457 3.

311 3533 346 3585 5
374 3531 589 3603 lignum
605 3531 699 3586 Hs.
748 3532 815 3586 18
835 3532 1123 3588 entweder
1140 3548 1347 3588 sanans
1366 3532 1505 3588 oder
1523 3548 1726 3587 curans
1744 3549 1814 3587 zu
1831 3538 2037 3589 setzen.
2083 3536 2155 3590 44
2171 3535 2365 3607 lapsos
2386 3536 2477 3608 qul
2497 3552 2621 3608 rep.
2641 3537 2737 3593 Hs.

311 3653 378 3708 V.
415 3656 446 3706 1
505 3652 669 3721 ξύλον
704 3652 987 3731 σωτήρων.
1033 3655 1174 3711 Men.
1209 3654 1366 3726 Sept.
1404 3658 1484 3712 14.
1554 3653 1719 3721 ξύλον
1751 3655 1848 3728 τῆς
1883 3664 2152 3736 σωτηρίας
2189 3657 2356 3734 ἡμῶν.
2409 3661 2481 3716 ib.
2521 3664 2602 3716 15.

305 3758 371 3813 V.
407 3762 456 3814 7.
510 3759 654 3814 nach
699 3760 827 3816 Joh.
862 3763 913 3832 3,
951 3763 1034 3816 14.
1099 3761 1233 3816 Dies
1268 3761 1371 3815 hat
1406 3761 1619 3816 Cosmus
1665 3760 1734 3817 de
1783 3763 1951 3820 exalt.
1999 3782 2145 3821 crue.
2196 3773 2262 3822 st.
2303 3769 2385 3821 18.
2436 3782 2502 3821 so
2541 3763 2739 3837 ausge-

127 3848 312 3908 fasst:
370 3849 593 3927 σταυρῷ
627 3850 721 3924 τὴν
755 3850 1117 3928 ψυχόλεθρον
1152 3848 1314 3907 νόσον
1353 3847 1448 3922 τῆς
1484 3848 1690 3922 πλάνης
1727 3848 1972 3924 ἀπήλασε
2010 3852 2271 3929 Χριστός.
2343 3854 2570 3923 Moyses
2607 3870 2742 3908 ver-

127 3941 281 3997 trieb
321 3939 495 3995 durch
533 3941 634 3995 das
672 3941 857 3995 Kreuz
896 3941 1002 3995 den
1040 3939 1162 3996 Tod
1198 3940 1297 3994 des
1335 3938 1564 4009 Leibe8‚
1631 3941 1887 3997 Christus
1925 3941 2027 3997 der
2064 3941 2247 4009 Seele.
2337 3942 2627 3997 Tertullian.
2666 3940 2736 3995 de

124 4027 390 4084 idololat.
444 4030 496 4081 5.
568 4028 757 4099 Imago
794 4028 974 4082 crucis
1012 4042 1193 4082 aereus
1230 4042 1463 4097 serpens
1499 4032 1616 4098 est3
1678 4043 1807 4082 nam
1853 4029 1961 4083 etsi
2008 4031 2065 4082 in
2100 4045 2269 4083 carne
2305 4043 2609 4097 suspensus
2647 4031 2736 4080 est

129 4117 412 4184 christus,
448 4119 635 4171 tamen
672 4115 727 4169 iu
765 4131 834 4170 eo
872 4120 930 4169 et
964 4114 1086 4186 ipse
1121 4110 1418 4168 crucifixus
1456 4119 1545 4169 est
1577 4115 1801 4183 mundo,
1837 4121 1897 4171 et
1930 4116 2039 4187 ipsi
2066 4112 2360 4170 crucifixus
2387 4118 2476 4168 est
2501 4112 2735 4169 mundus

128 4205 347 4276 (Galat.
382 4204 435 4273 6,
474 4207 590 4273 14).
661 4200 968 4260 Crucifixus
1004 4210 1091 4259 est
1127 4220 1268 4276 ergo
1304 4204 1364 4258 in
1398 4204 1514 4259 suis
1549 4205 1783 4259 mundus
1820 4204 2124 4273 illecebris,
2163 4209 2221 4258 et
2257 4201 2384 4256 ideo
2422 4216 2535 4256 uon
2560 4217 2733 4257 verus

125 4291 232 4348 sed
271 4307 454 4346 aereus
506 4308 811 4362 suspensus
865 4298 953 4348 est
990 4308 1219 4363 serpens
1239 4332 1255 4361 ,
1319 4292 1452 4364 quia
1485 4293 1544 4348 in
1580 4293 1823 4348 veritate
1859 4293 2079 4364 quidem
2116 4290 2410 4361 corporis,
2474 4290 2574 4345 sed
2607 4290 2733 4347 sine

122 4382 379 4436 veritate
413 4379 635 4450 peccati
669 4379 919 4451 suscepit
955 4379 1206 4435 dominus
1243 4378 1488 4450 speciem
1521 4381 1858 4451 peccatoris,
1894 4385 1957 4435 ut
1990 4395 2095 4449 per
2128 4378 2403 4433 lubricum
2437 4374 2732 4434 infirmitas

120 4468 387 4523 humanae
423 4467 735 4524 simulando
772 4472 1102 4539 serpentem,
1140 4466 1411 4538 depositis
1447 4467 1635 4522 carnis
1672 4468 1904 4537 exuviis,
1940 4466 2065 4523 veri
2099 4465 2416 4522 destrueret
2450 4465 2730 4537 serpentis

121 4554 410 4611 astutiam.
480 4556 713 4610 Ambrae.
758 4553 825 4608 de
874 4554 1008 4625 spir.
1056 4571 1100 4610 s.
1135 4554 1199 4624 3,
1238 4555 1285 4609 8.
1357 4554 1499 4623 Quia
1534 4557 1573 4610 a
1608 4561 1869 4625 serpente
1903 4570 2087 4625 mors,
2149 4571 2253 4626 per
2295 4555 2576 4627 serpentis
2611 4551 2742 4608 effi-

119 4642 280 4716 giem
315 4639 565 4714 figurata
600 4647 704 4698 est.
770 4644 978 4713 Aumoet.
1012 4643 1071 4697 in
1106 4658 1305 4714 evang.
1340 4642 1469 4699 Joh.
1506 4644 1557 4711 3,
1597 4645 1677 4697 12.
1715 4645 1748 4711 ς
1788 4645 1869 4698 11.

306 4747 377 4803 V.
415 4747 463 4803 8.
499 4749 550 4804 9.
603 4747 795 4820 αἵματι
831 4743 978 4805 θεοῦ
1012 4742 1044 4805 ὁ
1081 4745 1166 4812 ὣς
1200 4745 1302 4804 τοῦ
1333 4743 1511 4820 ὄφεως
1546 4743 1928 4804 ἀποπλύνεται.
2002 4745 2158 4821 Sept.
2197 4749 2281 4806 14.
