3159 5259
2708 256 2839 329 265

214 438 319 493 mit
366 438 524 492 einer
558 436 653 491 Hs.
700 448 815 489 von
850 434 1205 507 Conegliano
1251 433 1483 490 iiberein
1497 474 1513 504 ‚
1576 435 1753 492 deren
1788 434 2052 494 Officium
2101 440 2173 495 de
2206 440 2416 497 Rubeis
2453 441 2702 498 bekannt
2738 459 2840 515 ge-

213 527 405 580 macht
454 523 568 579 und
621 522 851 595 gezeigt
897 524 1024 592 hat,
1086 520 1219 576 dass
1257 538 1319 576 es
1355 521 1411 576 in
1449 523 1830 579 Teutschland
1866 526 2203 582 entstanden
2250 528 2366 583 und
2413 529 2539 584 dem
2577 529 2839 587 Officium

213 607 327 667 auf
369 609 476 664 deu
531 612 596 664 h..
637 610 958 667 Dominicus
1003 609 1405 680 nachgebildet
1458 609 1536 665 ist
1586 615 1669 680 (a.
1704 627 1754 666 a.
1785 611 1846 668 Ο.
1882 628 1935 682 p.
1974 614 2128 683 503).
2198 614 2303 669 Die
2337 614 2520 671 verse
2556 620 2605 672 7.
2642 619 2676 673 8
2731 619 2833 675 des

216 697 430 769 obigen
468 696 764 753 Gedichtes
799 696 991 752 lauten
1025 695 1121 751 bei
1156 695 1223 749 de
1260 695 1472 750 Rubeis
1509 696 1665 753 also:

434 780 625 839 Gaude
662 780 802 838 felix
836 798 1043 853 parens
1082 780 1325 837 ecclesia
1343 822 1357 851 ,
1783 784 1948 839 adest
1981 801 2149 840 novae
2184 785 2369 842 laudis
2406 788 2622 845 laetitia.

391 873 457 926 V.
494 875 579 926 57.
615 871 693 928 ist
727 887 861 927 vom
886 871 1031 926 Brot
1066 867 1173 925 auf
1200 870 1309 925 den
1337 868 1514 924 Wein
1543 870 1906 942 fibertragen‚
1943 871 2046 927 hat
2071 872 2212 929 aber
2239 874 2545 932 denselben
2575 874 2836 950 Aufang:

212 956 354 1015 felix
388 959 540 1015 vitis.

389 1078 460 1135 V.
496 1082 541 1133 1.
596 1077 866 1134 salvator.
916 1076 1208 1137 Ter-cuman.
1242 1078 1314 1134 de
1351 1085 1659 1136 resurrect.
1694 1096 1849 1153 carn.
1882 1084 1969 1138 47.
2006 1086 2140 1154 sagt
2174 1079 2568 1140 salutificator.

394 1182 460 1238 V.
499 1185 549 1236 5.
587 1184 669 1236 14.
708 1184 792 1236 62.
830 1184 950 1237 135.
986 1185 1106 1237 146.
1154 1184 1303 1239 wird
1339 1183 1428 1238 die
1465 1184 1791 1256 Siissigkeit
1826 1186 1926 1240 des
1962 1185 2304 1241 Abendmals
2341 1185 2834 1259 hervorgehoben,

211 1289 338 1330 was
374 1275 518 1329 auch
554 1274 612 1328 in
649 1273 756 1328 den
793 1273 1027 1328 Menaen
1064 1272 1412 1344 vorkommt,
1462 1291 1560 1329 wo
1599 1275 1858 1332 Christus
1896 1276 1985 1331 als
2021 1275 2123 1331 der
2158 1278 2319 1331 siisse
2356 1275 2550 1332 Trank
2587 1274 2686 1329 der
2721 1273 2835 1330 Un-

212 1359 608 1417 sterblichkeit
644 1357 745 1412 der
779 1357 992 1413 bittern
1020 1356 1221 1429 Speise
1258 1358 1357 1414 des
1384 1360 1569 1415 Todes
1606 1361 1681 1415 im
1707 1361 2016 1416 Paradiese
2046 1361 2373 1433 gegem'iber
2401 1360 2634 1433 gestellt
2668 1359 2834 1414 wird.

211 1447 466 1504 θάνατον
500 1446 530 1502 ὁ
567 1444 746 1518 Ἀδὰμ
781 1445 842 1500 ἐκ
876 1443 974 1500 τοῦ
1017 1443 1185 1512 ξύλου
1220 1444 1431 1523 πικρῶς
1459 1447 1721 1522 ἐτρύγησε
1740 1489 1758 1515 ,
1806 1446 1953 1522 ξύλῳ
1992 1449 2258 1522 ἐμπαγείς
2295 1447 2541 1526 Χριστὸς
2574 1444 2667 1502 τὸν
2703 1447 2835 1519 γλυ-

210 1531 429 1606 κασμὸν
464 1531 560 1605 τῆς
598 1528 923 1595 ἀθανασίας
963 1531 1219 1609 ἐπήγασε.
1263 1534 1374 1588 Jul.
1408 1537 1494 1590 27.
1548 1535 1609 1593 S.
1644 1534 1751 1591 No.
1786 1537 1874 1605 92,
1914 1538 1959 1591 1.

391 1637 459 1692 V.
488 1640 574 1693 14.
603 1638 688 1693 19.
712 1638 800 1692 20.
839 1652 1033 1693 mensa
1065 1652 1274 1710 magna
1308 1643 1414 1708 est,
1451 1638 1550 1694 ubi
1584 1639 1770 1711 epulae
1806 1643 1939 1695 sunt
1972 1639 2094 1711 ipse
2131 1638 2385 1695 dominus
2411 1656 2634 1697 meusae.
2665 1655 2832 1695 nemo

209 1726 398 1798 pascit
433 1725 706 1781 convivas
744 1723 812 1779 de
847 1740 910 1779 se
944 1724 1099 1795 ipso:
1138 1726 1247 1779 hoc
1273 1722 1413 1783 facit
1441 1726 1698 1782 dominus
1719 1727 2009 1795 Christus3
2045 1725 2169 1798 ipse
2195 1726 2486 1795 invitator,
2521 1727 2643 1797 ipse
2672 1725 2831 1783 cibus

209 1818 272 1868 et
306 1818 491 1883 potus.
561 1812 619 1869 S.
656 1814 925 1883 Auamma·
981 1827 1146 1869 serm.
1182 1814 1319 1882 329,
1357 1816 1406 1868 1.
1466 1814 1546 1871 Ει·
1582 1818 1757 1870 neunt
1790 1815 1935 1869 auch
1973 1814 2075 1869 das
2109 1813 2423 1871 Abendmal
2455 1830 2648 1870 mensa
2684 1812 2834 1883 coeli,

210 1916 406 1957 mensa
440 1900 787 1972 angelorum.
858 1899 1035 1957 Serm.
1069 1902 1193 1969 231,
1233 1903 1281 1955 5.

388 2006 457 2060 V.
491 2009 575 2061 31.
612 2007 698 2061 32.
746 2005 966 2077 Greyor.
1000 2005 1129 2062 Naz.
1179 2010 1326 2062 orat.
1363 2008 1432 2059 17
1478 2021 1534 2076 p.
1568 2007 1694 2060 273.
1742 2006 1907 2061 redet
1944 2006 2052 2061 den
2086 2003 2396 2062 Prafekten
2432 2022 2548 2061 von
2582 2006 2830 2061 Nazianz

207 2094 269 2148 in
305 2094 494 2149 seiner
531 2093 770 2165 Prodigt
803 2092 932 2148 also
970 2108 1070 2148 an:
1126 2092 1372 2169 Χριστὸν
1417 2090 1688 2169 προσάγω
1746 2114 1865 2161 σοι,
1917 2097 2011 2149 καὶ
2057 2091 2156 2164 τὴν
2203 2091 2475 2170 τράπεζαν
2516 2092 2711 2164 ταύτην
2729 2134 2745 2160 ,
2796 2083 2833 2167 ᾖ

207 2177 362 2254 κοινῇ
394 2178 683 2257 πρόσιμεν,
719 2180 976 2244 καὶτοὺς
1009 2179 1278 2245 τύπους
1312 2182 1409 2254 τῆς
1444 2180 1580 2257 ἐμῆς
1617 2188 1905 2258 σωτηρίας,
1939 2179 2057 2245 οὕς
2094 2179 2230 2238 ἀπὸ
2267 2179 2389 2238 τοῦ
2416 2179 2631 2238 αὐτοῦ
2657 2180 2833 2237 τελῶ

209 2265 522 2339 στόματο
534 2289 594 2335 ς,
658 2264 756 2339 ἀφ’
791 2259 858 2324 οὗ
899 2266 1073 2325 ταῦτα
1120 2267 1264 2345 πρὸς
1313 2269 1375 2324 σὲ
1421 2266 1711 2344 πρεσβεύω
1761 2269 1863 2341 τὴν
1911 2270 2063 2347 ἱερὰν
2096 2274 2189 2326 καὶ
2224 2267 2335 2327 ἅνω
2372 2273 2650 2346 φέρουσαν
2684 2266 2834 2341 ἧμᾶς

209 2362 616 2430 μυσταγωγίαν.
688 2357 942 2412 Vidimus
977 2358 1288 2429 principem
1323 2358 1687 2414 sacerdotum
1721 2359 1796 2415 ad
1829 2376 1934 2416 nos
1970 2359 2285 2413 venientem
2299 2398 2313 2426 ,
2363 2357 2603 2411 vidimus
2640 2361 2699 2410 et
2733 2373 2834 2411 au-

210 2443 449 2499 divimus
489 2442 820 2499 offerentem
855 2461 963 2516 pro
999 2445 1165 2502 nobis
1202 2447 1532 2517 sanguinem
1567 2460 1759 2501 suum:
1811 2446 2123 2516 sequimur,
2172 2450 2235 2499 ut
2267 2459 2590 2516 possumus,
2640 2458 2833 2498 sacer-

212 2528 405 2600 dotes,
442 2537 506 2586 ut
543 2530 848 2588 offeramus
884 2549 992 2604 pro
1030 2533 1246 2605 populo
1283 2530 1653 2602 sacrificium,
1702 2533 1813 2589 etsi
1850 2530 2053 2588 infirmi
2088 2530 2322 2600 merito,
2359 2536 2547 2585 tamen
2580 2530 2830 2585 honora-

207 2618 356 2673 biles
393 2616 707 2689 sacrifici03
744 2619 876 2690 quia
912 2619 1019 2674 etsi
1055 2636 1202 2675 nune
1242 2620 1501 2676 Christus
1537 2636 1653 2676 non
1688 2619 1913 2675 videtur
1956 2616 2183 2686 offerre,
2222 2622 2409 2673 tamen
2436 2616 2557 2687 ipse
2586 2613 2830 2671 offertur

209 2705 269 2761 in
317 2706 513 2775 terris,
578 2706 804 2777 quando
852 2705 1065 2762 Christi
1114 2721 1322 2776 corpus
1372 2703 1641 2776 offertur3
1706 2706 1871 2760 immo
1920 2705 2045 2776 ipse
2094 2704 2304 2761 offerre
2340 2700 2734 2759 manifestatur
2769 2702 2830 2759 in

208 2793 402 2861 nobis,
466 2797 615 2861 cujus
660 2809 836 2848 sermo
883 2792 1174 2862 sanctificat
1217 2792 1561 2862 sacrificium,
1623 2793 1776 2864 quod
1812 2791 2067 2847 offertur.
2139 2793 2372 2847 Ambra&
2408 2788 2465 2844 in
2500 2808 2583 2860 ρει.
2619 2792 2705 2859 38,
2742 2792 2829 2844 25.

212 2883 487 2937 Marcelini
537 2886 587 2935 et
619 2883 795 2937 Fau-st.
830 2896 974 2951 pree.
1011 2896 1100 2950 ap.
1137 2880 1416 2936 Sirmond.
1453 2896 1585 2950 epp.
1624 2882 1672 2949 1,
1712 2883 1815 2934 147
1861 2884 2034 2935 neunt
2081 2878 2171 2932 die
2210 2879 2423 2932 Worte
2474 2877 2575 2931 der
2608 2876 2830 2931 Wand-

215 2966 355 3039 lung
406 2968 751 3022 sacerdotalia
800 2967 961 3022 verba
1012 2967 1127 3020 und
1174 2967 1422 3036 pontificii
1474 2968 1724 3021 solemnia
1760 2967 1949 3035 verba,
2002 2967 2140 3021 weil
2175 2967 2258 3021 sie
2296 2982 2400 3019 nur
2437 2962 2537 3018 der
2571 2965 2829 3019 Priester

209 3054 311 3110 mit
347 3054 449 3109 der
486 3053 779 3125 Wirkung
814 3052 913 3107 des
950 3051 1345 3108 Sacramentes
1382 3053 1762 3122 aussprechen
1799 3053 1965 3107 kann.

383 3157 449 3210 V.
485 3158 570 3212 49.
597 3164 602 3165 ’
635 3173 887 3228 granum.
957 3158 1215 3215 Christus
1271 3160 1419 3214 wird
1467 3157 1556 3214 oft
1610 3159 1709 3214 das
1765 3159 1924 3213 Korn
1988 3157 2100 3212 und
2163 3156 2253 3210 die
2307 3156 2493 3212 Aehre
2561 3158 2827 3226 genennt.

211 3242 244 3301 ὅ
281 3242 531 3308 θάνατος
566 3242 666 3301 τοῦ
695 3241 870 3317 Ἰησοῦ
904 3244 1115 3317 στάχυς
1150 3251 1306 3305 σίτου
1340 3252 1574 3323 γίνεται,
1629 3244 1800 3302 ποιῶν
1837 3246 2283 3302 πολλαπλασίονα
2320 3248 2411 3299 καὶ
2447 3242 2725 3311 πολύχουν
2760 3239 2823 3297 τὰ

217 3331 578 3410 ἐσπαρμένον.
652 3331 891 3404 Oriqmis
924 3334 1071 3389 hom.
1110 3337 1195 3405 10,
1231 3338 1281 3390 3.
1352 3335 1609 3391 Christus
1644 3335 1824 3390 heisst
1860 3331 2074 3403 στάχυς
2106 3330 2465 3409 ἀγεώργητος.
2515 3333 2643 3388 Dec.
2670 3333 2756 3385 21.

386 3436 450 3491 V.
491 3438 560 3491 63
586 3468 650 3478 —-
672 3438 758 3491 66.
812 3438 872 3493 In
934 3440 1042 3495 hac
1103 3441 1567 3513 peregrinatione
1633 3440 1796 3497 unius
1852 3439 2054 3510 patriae
2121 3437 2404 3493 desiderio
2469 3437 2829 3508 suspiremus.

209 3521 268 3577 S.
302 3524 567 3593 Auyustm.
605 3538 792 3579 sermo
828 3527 957 3595 205,
992 3529 1042 3581 2.
1112 3528 1224 3582 Per
1271 3528 1421 3582 viam
1470 3526 1821 3583 laboriosam
1872 3526 2145 3582 tendimus
2183 3526 2257 3580 ad
2293 3524 2534 3596 quietam
2572 3524 2832 3596 patriam.

210 3608 388 3674 Ejusd.
425 3625 614 3664 sermo
650 3611 773 3679 255,
813 3613 861 3666 1.
931 3612 993 3666 In
1029 3629 1212 3687 regno
1250 3613 1339 3668 dei
1374 3631 1541 3671 nemo
1578 3614 1833 3670 dicturus
1870 3619 1984 3682 est,
2038 3613 2259 3683 suscipe
2297 3613 2680 3685 peregrinum,
2731 3612 2830 3667 ubi

212 3713 409 3753 omnes
443 3697 501 3750 in
540 3697 732 3768 patria
766 3715 872 3753 sua
905 3699 1114 3758 vivent.
1186 3704 1364 3769 Esusd.
1397 3718 1591 3758 sermo
1632 3704 1714 3770 11,
1754 3704 1800 3755 1.
1872 3701 2032 3756 Nach
2069 3703 2104 3754 2
2139 3701 2273 3757 Kor.
2311 3702 2363 3769 5,
2398 3701 2446 3754 6.

386 3803 451 3859 V.
489 3805 608 3859 109.
653 3806 858 3862 hostia.
914 3807 1110 3863 Semel
1144 3809 1466 3863 immolatus
1503 3812 1593 3862 est
1630 3807 1888 3864 Christus
1924 3806 1983 3860 in
2019 3821 2081 3861 se
2116 3804 2272 3876 ipso,
2330 3809 2389 3858 et
2424 3808 2610 3857 tamen
2644 3802 2702 3855 in
2736 3816 2830 3857 sa·

210 3898 498 3947 eramento
535 3910 650 3948 non
689 3894 872 3950 solum
907 3912 1014 3967 per
1048 3913 1242 3952 omnes
1279 3897 1508 3967 paschae
1545 3896 1974 3963 sollemnitates,
2021 3892 2120 3947 sed
2157 3891 2310 3946 omni
2343 3889 2430 3943 die
2469 3887 2695 3959 populis
2731 3887 2831 3942 im-

209 3978 484 4049 molatur,
546 3997 651 4036 nec
688 3984 880 4053 utique
917 3986 1212 4054 mentitur,
1267 3985 1360 4056 qui
1396 3985 1787 4055 interrogatus
1836 3998 1961 4037 eum
1995 3976 2357 4050 responderit
2391 3974 2682 4033 immolari.
2744 3989 2835 4029 se-

210 4066 448 4120 eundum
501 4083 643 4139 ergo
698 4071 992 4140 quemdam
1043 4073 1270 4127 modum
1323 4072 1417 4140 (d.
1466 4073 1518 4126 h.
1571 4070 1747 4124 durch
1795 4069 1883 4122 die
1922 4065 2372 4133 consecration)
2421 4060 2831 4117 sacramentum

215 4153 478 4220 corporis
523 4154 736 4210 Christi
801 4172 1008 4227 eorpus
1072 4157 1289 4213 Christi
1350 4162 1467 4226 est,
1531 4160 1939 4211 sacramentum
1993 4151 2284 4224 sanguinis
2332 4148 2544 4205 Christi
2597 4147 2832 4218 sanguis

212 4237 429 4295 Christi
465 4245 567 4295 est.
616 4243 886 4313 Anqustini
922 4261 1007 4316 ep.
1045 4246 1131 4314 98,
1168 4246 1216 4300 9.
1288 4247 1406 4300 ἔστι
1443 4247 1627 4299 θυσία
1672 4247 1764 4299 καὶ
1798 4246 1971 4317 χωρὶς
2008 4241 2238 4309 αἳματος
2253 4255 2266 4269 ·
2316 4239 2502 4291 ἅπασιν
2537 4235 2592 4291 οἱ
2624 4253 2831 4307 μεμυη-

211 4330 368 4399 μένοι
420 4325 483 4381 τὸ
533 4326 849 4402 λεγόμενον·
906 4331 1004 4387 διὰ
1055 4330 1215 4389 τοῦτο
1264 4332 1326 4387 δὲ
1370 4329 1582 4403 κᾴκείνη
1617 4330 1652 4404 ἦ
1693 4335 1873 4387 θυσία
1910 4325 2051 4400 (τοῦ
2093 4324 2320 4395 Ἰσαὰκ)
2375 4327 2548 4399 χωρὶς
2597 4324 2831 4396 αἳματος

214 4414 442 4486 ἐγένετο,
480 4413 668 4485 ἐπειδὴ
706 4415 904 4489 ταύτης
939 4421 1153 4492 ἔμελλεν
1187 4424 1429 4477 ἔσεσθαι
1465 4418 1651 4483 τύπος.
1700 4420 1954 4492 Chry-30³1.
1991 4415 2060 4470 de
2096 4431 2140 4469 s.
2176 4412 2427 4468 Eustath.
2464 4414 2515 4466 2.
2585 4407 2616 4467 ὁ
2653 4410 2830 4486 ἱερεὺς

211 4499 310 4572 τὴν
345 4498 594 4557 ἑκούσιον
628 4504 842 4559 θυσίαν
876 4503 1150 4582 προσάγει
1181 4506 1261 4578 τῷ
1295 4514 1484 4583 κυρίῳ,
1520 4507 1615 4564 τὸν
1650 4504 1934 4580 μονογενῆ.
1985 4504 2203 4575 Gregor.
2244 4500 2373 4555 Nssz·
2411 4516 2491 4554 01'·
2529 4502 2595 4553 4¹
2636 4515 2688 4569 P·
2708 4499 2835 4554 3⁷5·

383 4587 449 4642 V.
488 4591 587 4643 121
606 4590 769 4644 -24,
830 4592 1103 4663 Accipere
1139 4602 1547 4652 sacramentum
1582 4595 1846 4667 eorporis
1884 4598 1944 4650 et
1978 4590 2268 4663 sanguinis
2307 4587 2516 4645 domini
2552 4592 2610 4642 et
2645 4587 2837 4645 malus.

210 4677 423 4749 potest,
460 4690 591 4735 nam
625 4681 683 4733 te
720 4677 932 4736 talibus
969 4678 1174 4735 dictum
1209 4685 1313 4739 est.
1356 4682 1383 4743 Ι
1416 4683 1546 4741 Cor.
1582 4683 1671 4755 11,
1705 4683 1793 4739 29.
1861 4682 2127 4752 Διῳιιείὴι.
2162 4677 2222 4734 iu
2258 4693 2344 4749 ep.
2379 4674 2509 4732 Joh.
2544 4679 2600 4747 7,
2634 4674 2686 4731 6.
