<?xml version="1.0" encoding="UTF-8"?>
<!DOCTYPE html PUBLIC "-//W3C//DTD XHTML 1.0 Transitional//EN"
    "http://www.w3.org/TR/xhtml1/DTD/xhtml1-transitional.dtd">
<html xmlns="http://www.w3.org/1999/xhtml" xml:lang="en" lang="en">
 <head>
  <title>
</title>
<meta http-equiv="Content-Type" content="text/html;charset=utf-8" />
  <meta name='ocr-system' content='tesseract 3.04.00' />
  <meta name='ocr-capabilities' content='ocr_page ocr_carea ocr_par ocr_line ocrx_word'/>
</head>
<body>
  <div class='ocr_page' id='page_1' title='image "./lateinischehymn00unkngoog_0443.png"; bbox 0 0 3159 5259; ppageno 0'>
   <div class='ocr_carea' id='block_1_1' title="bbox 438 479 2205 771">
    <p class='ocr_par' dir='ltr' id='par_1_1' title="bbox 438 479 2205 771">
     <span class='ocr_line' id='line_1_1' title="bbox 438 479 1900 563; baseline -0.001 -19"><span class='ocrx_word' id='word_1_1' title='bbox 438 480 825 545; x_wconf 68' lang='lat' dir='ltr'><strong>mortalibus</strong></span> <span class='ocrx_word' id='word_1_2' title='bbox 869 479 971 542; x_wconf 84' lang='lat' dir='ltr'><strong>his</strong></span> <span class='ocrx_word' id='word_1_3' title='bbox 1016 479 1195 543; x_wconf 81' lang='lat' dir='ltr'><strong>exuti</strong></span> <span class='ocrx_word' id='word_1_4' title='bbox 1235 487 1542 562; x_wconf 73' lang='lat' dir='ltr'><strong>repetunt</strong></span> <span class='ocrx_word' id='word_1_5' title='bbox 1586 479 1900 563; x_wconf 75' lang='lat' dir='ltr'><strong>originem</strong></span> 
     </span>
     <span class='ocr_line' id='line_1_2' title="bbox 446 582 2205 669; baseline 0.001 -22"><span class='ocrx_word' id='word_1_6' title='bbox 446 591 513 647; x_wconf 81' lang='lat' dir='ltr'><strong>et</strong></span> <span class='ocrx_word' id='word_1_7' title='bbox 556 590 947 668; x_wconf 72' lang='lat' dir='ltr'><strong>praesentem</strong></span> <span class='ocrx_word' id='word_1_8' title='bbox 990 582 1289 647; x_wconf 82' lang='lat' dir='ltr'><strong>veritatis</strong></span> <span class='ocrx_word' id='word_1_9' title='bbox 1333 583 1852 666; x_wconf 76' lang='lat' dir='ltr'>contemplantur</span> <span class='ocrx_word' id='word_1_10' title='bbox 1888 584 2205 669; x_wconf 86' lang='lat' dir='ltr'><strong>speciem,</strong></span> 
     </span>
     <span class='ocr_line' id='line_1_3' title="bbox 438 683 2152 771; baseline 0.001 -21"><span class='ocrx_word' id='word_1_11' title='bbox 438 685 591 752; x_wconf 92' lang='lat' dir='ltr'><strong>hinc</strong></span> <span class='ocrx_word' id='word_1_12' title='bbox 636 687 899 751; x_wconf 86' lang='lat' dir='ltr'><strong>vitalem</strong></span> <span class='ocrx_word' id='word_1_13' title='bbox 944 685 1079 749; x_wconf 81' lang='lat' dir='ltr'><strong>vivi</strong></span> <span class='ocrx_word' id='word_1_14' title='bbox 1125 684 1320 749; x_wconf 81' lang='lat' dir='ltr'><strong>fontis</strong></span> <span class='ocrx_word' id='word_1_15' title='bbox 1364 683 1669 750; x_wconf 88' lang='lat' dir='ltr'><strong>hauriunt</strong></span> <span class='ocrx_word' id='word_1_16' title='bbox 1714 685 2152 771; x_wconf 81' lang='lat' dir='ltr'><strong>dulcedinem,</strong></span> 
     </span>
    </p>
   </div>
   <div class='ocr_carea' id='block_1_2' title="bbox 435 843 2212 1137">
    <p class='ocr_par' dir='ltr' id='par_1_2' title="bbox 435 843 2212 1137">
     <span class='ocr_line' id='line_1_4' title="bbox 440 843 2105 932; baseline 0.002 -22"><span class='ocrx_word' id='word_1_17' title='bbox 440 843 598 910; x_wconf 85' lang='lat' dir='ltr'><strong>Inde</strong></span> <span class='ocrx_word' id='word_1_18' title='bbox 646 853 880 909; x_wconf 85' lang='lat' dir='ltr'><strong>statum</strong></span> <span class='ocrx_word' id='word_1_19' title='bbox 922 864 1187 928; x_wconf 82' lang='lat' dir='ltr'><strong>semper</strong></span> <span class='ocrx_word' id='word_1_20' title='bbox 1217 844 1399 916; x_wconf 65' lang='lat' dir='ltr'><strong>‚idem</strong></span> <span class='ocrx_word' id='word_1_21' title='bbox 1445 846 1768 910; x_wconf 78' lang='lat' dir='ltr'><strong>existendi</strong></span> <span class='ocrx_word' id='word_1_22' title='bbox 1814 849 2105 932; x_wconf 86' lang='lat' dir='ltr'><strong>capiunt,</strong></span> 
     </span>
     <span class='ocr_line' id='line_1_5' title="bbox 435 948 2054 1034; baseline -0.001 -18"><span class='ocrx_word' id='word_1_23' title='bbox 435 951 613 1032; x_wconf 88' lang='lat' dir='ltr'><strong>clari,</strong></span> <span class='ocrx_word' id='word_1_24' title='bbox 658 949 877 1032; x_wconf 82' lang='lat' dir='ltr'><strong>vividi,</strong></span> <span class='ocrx_word' id='word_1_25' title='bbox 914 948 1206 1033; x_wconf 83' lang='lat' dir='ltr'><strong>jocundi,</strong></span> <span class='ocrx_word' id='word_1_26' title='bbox 1250 949 1442 1012; x_wconf 88' lang='lat' dir='ltr'><strong>nullis</strong></span> <span class='ocrx_word' id='word_1_27' title='bbox 1486 956 1713 1031; x_wconf 87' lang='lat' dir='ltr'><strong>patent</strong></span> <span class='ocrx_word' id='word_1_28' title='bbox 1759 951 2054 1034; x_wconf 87' lang='lat' dir='ltr'><strong>casibus,</strong></span> 
     </span>
     <span class='ocr_line' id='line_1_6' title="bbox 437 1052 2212 1137; baseline 0.002 -19"><span class='ocrx_word' id='word_1_29' title='bbox 437 1056 671 1119; x_wconf 87' lang='lat' dir='ltr'><strong>absunt</strong></span> <span class='ocrx_word' id='word_1_30' title='bbox 708 1053 932 1136; x_wconf 86' lang='lat' dir='ltr'><strong>morbi,</strong></span> <span class='ocrx_word' id='word_1_31' title='bbox 979 1070 1238 1135; x_wconf 85' lang='lat' dir='ltr'><strong>semper</strong></span> <span class='ocrx_word' id='word_1_32' title='bbox 1283 1052 1459 1118; x_wconf 86' lang='lat' dir='ltr'><strong>sanis</strong></span> <span class='ocrx_word' id='word_1_33' title='bbox 1505 1060 1808 1120; x_wconf 87' lang='lat' dir='ltr'><strong>senectus</strong></span> <span class='ocrx_word' id='word_1_34' title='bbox 1844 1052 2212 1137; x_wconf 86' lang='lat' dir='ltr'><strong>juvenibus.</strong></span> 
     </span>
    </p>
   </div>
   <div class='ocr_carea' id='block_1_3' title="bbox 433 1217 2279 1508">
    <p class='ocr_par' dir='ltr' id='par_1_3' title="bbox 433 1217 2279 1508">
     <span class='ocr_line' id='line_1_7' title="bbox 440 1217 2279 1306; baseline 0.002 -22"><span class='ocrx_word' id='word_1_35' title='bbox 440 1217 610 1285; x_wconf 84' lang='lat' dir='ltr'><strong>Hinc</strong></span> <span class='ocrx_word' id='word_1_36' title='bbox 652 1236 943 1303; x_wconf 87' lang='lat' dir='ltr'><strong>perenne</strong></span> <span class='ocrx_word' id='word_1_37' title='bbox 987 1225 1212 1282; x_wconf 85' lang='lat' dir='ltr'><strong>tenent</strong></span> <span class='ocrx_word' id='word_1_38' title='bbox 1258 1236 1436 1301; x_wconf 87' lang='lat' dir='ltr'><strong>esse,</strong></span> <span class='ocrx_word' id='word_1_39' title='bbox 1481 1238 1629 1283; x_wconf 89' lang='lat' dir='ltr'><strong>nam</strong></span> <span class='ocrx_word' id='word_1_40' title='bbox 1675 1219 1955 1283; x_wconf 86' lang='lat' dir='ltr'><strong>transire</strong></span> <span class='ocrx_word' id='word_1_41' title='bbox 1999 1223 2279 1306; x_wconf 87' lang='lat' dir='ltr'><strong>transiit,</strong></span> 
     </span>
     <span class='ocr_line' id='line_1_8' title="bbox 434 1320 2229 1408; baseline 0 -20"><span class='ocrx_word' id='word_1_42' title='bbox 434 1323 587 1388; x_wconf 90' lang='lat' dir='ltr'><strong>inde</strong></span> <span class='ocrx_word' id='word_1_43' title='bbox 633 1323 889 1405; x_wconf 79' lang='lat' dir='ltr'><strong>vigent,</strong></span> <span class='ocrx_word' id='word_1_44' title='bbox 937 1323 1177 1406; x_wconf 89' lang='lat' dir='ltr'><strong>virent,</strong></span> <span class='ocrx_word' id='word_1_45' title='bbox 1223 1320 1487 1405; x_wconf 87' lang='lat' dir='ltr'><strong>florent,</strong></span> <span class='ocrx_word' id='word_1_46' title='bbox 1534 1324 1912 1407; x_wconf 83' lang='lat' dir='ltr'><strong>corruptela</strong></span> <span class='ocrx_word' id='word_1_47' title='bbox 1957 1325 2229 1408; x_wconf 85' lang='lat' dir='ltr'><strong>corruit,</strong></span> 
     </span>
     <span class='ocr_line' id='line_1_9' title="bbox 433 1423 2060 1508; baseline -0.002 -16"><span class='ocrx_word' id='word_1_48' title='bbox 433 1423 931 1492; x_wconf 77' lang='lat' dir='ltr'><strong>immortalitatis</strong></span> <span class='ocrx_word' id='word_1_49' title='bbox 974 1424 1167 1505; x_wconf 82' lang='lat' dir='ltr'><strong>vigor</strong></span> <span class='ocrx_word' id='word_1_50' title='bbox 1208 1431 1481 1489; x_wconf 87' lang='lat' dir='ltr'><strong>mortem</strong></span> <span class='ocrx_word' id='word_1_51' title='bbox 1517 1425 1661 1508; x_wconf 88' lang='lat' dir='ltr'><strong>jam</strong></span> <span class='ocrx_word' id='word_1_52' title='bbox 1706 1427 2060 1492; x_wconf 84' lang='lat' dir='ltr'><strong>absorbuit.</strong></span> 
     </span>
    </p>
   </div>
   <div class='ocr_carea' id='block_1_4' title="bbox 434 1585 2363 1878">
    <p class='ocr_par' dir='ltr' id='par_1_4' title="bbox 434 1585 2363 1878">
     <span class='ocr_line' id='line_1_10' title="bbox 434 1585 2363 1678; baseline 0.005 -27"><span class='ocrx_word' id='word_1_53' title='bbox 434 1585 557 1664; x_wconf 79' lang='lat' dir='ltr'><strong>Qui</strong></span> <span class='ocrx_word' id='word_1_54' title='bbox 601 1587 909 1652; x_wconf 83' lang='lat' dir='ltr'><strong>scientem</strong></span> <span class='ocrx_word' id='word_1_55' title='bbox 955 1596 1185 1654; x_wconf 87' lang='lat' dir='ltr'><strong>cuncta</strong></span> <span class='ocrx_word' id='word_1_56' title='bbox 1232 1590 1460 1671; x_wconf 86' lang='lat' dir='ltr'><strong>sciunt,</strong></span> <span class='ocrx_word' id='word_1_57' title='bbox 1507 1590 1662 1673; x_wconf 89' lang='lat' dir='ltr'><strong>quid</strong></span> <span class='ocrx_word' id='word_1_58' title='bbox 1707 1591 1962 1656; x_wconf 88' lang='lat' dir='ltr'><strong>nescire</strong></span> <span class='ocrx_word' id='word_1_59' title='bbox 2007 1602 2363 1678; x_wconf 90' lang='lat' dir='ltr'><strong>nequeunt,</strong></span> 
     </span>
     <span class='ocr_line' id='line_1_11' title="bbox 438 1691 2160 1777; baseline 0.004 -24"><span class='ocrx_word' id='word_1_60' title='bbox 438 1709 586 1753; x_wconf 90' lang='lat' dir='ltr'><strong>nam</strong></span> <span class='ocrx_word' id='word_1_61' title='bbox 632 1696 697 1752; x_wconf 90' lang='lat' dir='ltr'><strong>et</strong></span> <span class='ocrx_word' id='word_1_62' title='bbox 741 1691 1027 1774; x_wconf 86' lang='lat' dir='ltr'><strong>pectoris</strong></span> <span class='ocrx_word' id='word_1_63' title='bbox 1074 1710 1314 1756; x_wconf 87' lang='lat' dir='ltr'><strong>arcana</strong></span> <span class='ocrx_word' id='word_1_64' title='bbox 1362 1701 1710 1774; x_wconf 86' lang='lat' dir='ltr'><strong>penetrant</strong></span> <span class='ocrx_word' id='word_1_65' title='bbox 1754 1694 2160 1777; x_wconf 86' lang='lat' dir='ltr'><strong>alterutrum,</strong></span> 
     </span>
     <span class='ocr_line' id='line_1_12' title="bbox 439 1793 2215 1878; baseline 0.004 -21"><span class='ocrx_word' id='word_1_66' title='bbox 439 1812 634 1857; x_wconf 87' lang='lat' dir='ltr'><strong>unum</strong></span> <span class='ocrx_word' id='word_1_67' title='bbox 677 1793 921 1876; x_wconf 85' lang='lat' dir='ltr'><strong>volunt,</strong></span> <span class='ocrx_word' id='word_1_68' title='bbox 967 1814 1161 1859; x_wconf 87' lang='lat' dir='ltr'><strong>unum</strong></span> <span class='ocrx_word' id='word_1_69' title='bbox 1203 1796 1446 1878; x_wconf 87' lang='lat' dir='ltr'><strong>nolunt,</strong></span> <span class='ocrx_word' id='word_1_70' title='bbox 1492 1797 1705 1860; x_wconf 89' lang='lat' dir='ltr'><strong>unitas</strong></span> <span class='ocrx_word' id='word_1_71' title='bbox 1751 1804 1852 1862; x_wconf 85' lang='lat' dir='ltr'><strong>est</strong></span> <span class='ocrx_word' id='word_1_72' title='bbox 1894 1800 2215 1864; x_wconf 85' lang='lat' dir='ltr'><strong>mentium.</strong></span> 
     </span>
    </p>
   </div>
   <div class='ocr_carea' id='block_1_5' title="bbox 427 1921 2247 2248">
    <p class='ocr_par' dir='ltr' id='par_1_5' title="bbox 427 1921 2247 2248">
     <span class='ocr_line' id='line_1_13' title="bbox 427 1921 2247 2047; baseline 0.004 -25"><span class='ocrx_word' id='word_1_73' title='bbox 427 1953 618 2022; x_wconf 86' lang='lat' dir='ltr'><strong>Licet</strong></span> <span class='ocrx_word' id='word_1_74' title='bbox 663 1955 890 2038; x_wconf 88' lang='lat' dir='ltr'><strong>cuique</strong></span> <span class='ocrx_word' id='word_1_75' title='bbox 936 1957 1019 2020; x_wconf 88' lang='lat' dir='ltr'><strong>sit</strong></span> <span class='ocrx_word' id='word_1_76' title='bbox 1065 1956 1391 2024; x_wconf 81' lang='lat' dir='ltr'><strong>diversum</strong></span> <span class='ocrx_word' id='word_1_77' title='bbox 1434 1977 1559 2042; x_wconf 83' lang='lat' dir='ltr'><strong>pro</strong></span> <span class='ocrx_word' id='word_1_78' title='bbox 1607 1921 1834 2026; x_wconf 87' lang='lat' dir='ltr'><strong>labore</strong></span> <span class='ocrx_word' id='word_1_79' title='bbox 1881 1963 2247 2047; x_wconf 76' lang='lat' dir='ltr'><strong>praemium,</strong></span> 
     </span>
     <span class='ocr_line' id='line_1_14' title="bbox 435 2059 2151 2149; baseline 0.005 -25"><span class='ocrx_word' id='word_1_80' title='bbox 435 2060 672 2124; x_wconf 82' lang='lat' dir='ltr'><strong>caritas</strong></span> <span class='ocrx_word' id='word_1_81' title='bbox 718 2059 844 2124; x_wconf 89' lang='lat' dir='ltr'><strong>hoc</strong></span> <span class='ocrx_word' id='word_1_82' title='bbox 889 2079 1073 2124; x_wconf 87' lang='lat' dir='ltr'><strong>suum</strong></span> <span class='ocrx_word' id='word_1_83' title='bbox 1120 2061 1313 2144; x_wconf 83' lang='lat' dir='ltr'><strong>facit,</strong></span> <span class='ocrx_word' id='word_1_84' title='bbox 1359 2063 1533 2146; x_wconf 79' lang='lat' dir='ltr'><strong>quod</strong></span> <span class='ocrx_word' id='word_1_85' title='bbox 1578 2072 1754 2129; x_wconf 83' lang='lat' dir='ltr'><strong>amat</strong></span> <span class='ocrx_word' id='word_1_86' title='bbox 1795 2066 1862 2128; x_wconf 89' lang='lat' dir='ltr'><strong>in</strong></span> <span class='ocrx_word' id='word_1_87' title='bbox 1910 2067 2151 2149; x_wconf 81' lang='lat' dir='ltr'><strong>altero,</strong></span> 
     </span>
     <span class='ocr_line' id='line_1_15' title="bbox 436 2161 2213 2248; baseline 0.006 -23"><span class='ocrx_word' id='word_1_88' title='bbox 436 2163 771 2246; x_wconf 82' lang='lat' dir='ltr'><strong>proprium</strong></span> <span class='ocrx_word' id='word_1_89' title='bbox 816 2161 891 2226; x_wconf 74' lang='lat' dir='ltr'><strong>fit</strong></span> <span class='ocrx_word' id='word_1_90' title='bbox 940 2164 1371 2248; x_wconf 78' lang='lat' dir='ltr'><strong>singulorum,</strong></span> <span class='ocrx_word' id='word_1_91' title='bbox 1416 2183 1755 2231; x_wconf 81' lang='lat' dir='ltr'><strong>commune</strong></span> <span class='ocrx_word' id='word_1_92' title='bbox 1800 2166 1875 2231; x_wconf 86' lang='lat' dir='ltr'><strong>fit</strong></span> <span class='ocrx_word' id='word_1_93' title='bbox 1915 2170 2213 2235; x_wconf 80' lang='lat' dir='ltr'><strong>omnium.</strong></span> 
     </span>
    </p>
   </div>
   <div class='ocr_carea' id='block_1_6' title="bbox 427 2323 2177 2624">
    <p class='ocr_par' dir='ltr' id='par_1_6' title="bbox 427 2323 2177 2624">
     <span class='ocr_line' id='line_1_16' title="bbox 427 2323 2066 2415; baseline 0.003 -24"><span class='ocrx_word' id='word_1_94' title='bbox 427 2323 558 2391; x_wconf 87' lang='lat' dir='ltr'><strong>Ubi</strong></span> <span class='ocrx_word' id='word_1_95' title='bbox 603 2343 844 2410; x_wconf 90' lang='lat' dir='ltr'><strong>corpus</strong></span> <span class='ocrx_word' id='word_1_96' title='bbox 888 2327 1042 2393; x_wconf 88' lang='lat' dir='ltr'><strong>illuc</strong></span> <span class='ocrx_word' id='word_1_97' title='bbox 1079 2327 1233 2411; x_wconf 86' lang='lat' dir='ltr'><strong>jure</strong></span> <span class='ocrx_word' id='word_1_98' title='bbox 1279 2337 1767 2412; x_wconf 83' lang='lat' dir='ltr'><strong>congregantur</strong></span> <span class='ocrx_word' id='word_1_99' title='bbox 1812 2332 2066 2415; x_wconf 82' lang='lat' dir='ltr'><strong>aquilae,</strong></span> 
     </span>
     <span class='ocr_line' id='line_1_17' title="bbox 430 2433 2177 2518; baseline 0.002 -21"><span class='ocrx_word' id='word_1_100' title='bbox 430 2450 560 2515; x_wconf 80' lang='lat' dir='ltr'><strong>quo</strong></span> <span class='ocrx_word' id='word_1_101' title='bbox 613 2450 755 2497; x_wconf 82' lang='lat' dir='ltr'><strong>cum</strong></span> <span class='ocrx_word' id='word_1_102' title='bbox 804 2433 1054 2515; x_wconf 74' lang='lat' dir='ltr'><strong>ang-elis</strong></span> <span class='ocrx_word' id='word_1_103' title='bbox 1100 2442 1167 2497; x_wconf 86' lang='lat' dir='ltr'><strong>et</strong></span> <span class='ocrx_word' id='word_1_104' title='bbox 1210 2442 1457 2499; x_wconf 74' lang='lat' dir='ltr'><strong>sanctae</strong></span> <span class='ocrx_word' id='word_1_105' title='bbox 1500 2443 1883 2500; x_wconf 86' lang='lat' dir='ltr'><strong>recreantur</strong></span> <span class='ocrx_word' id='word_1_106' title='bbox 1927 2437 2177 2518; x_wconf 79' lang='lat' dir='ltr'><strong>animae,</strong></span> 
     </span>
     <span class='ocr_line' id='line_1_18' title="bbox 430 2537 1948 2624; baseline 0.004 -25"><span class='ocrx_word' id='word_1_107' title='bbox 430 2552 562 2599; x_wconf 86' lang='lat' dir='ltr'><strong>uno</strong></span> <span class='ocrx_word' id='word_1_108' title='bbox 607 2555 780 2619; x_wconf 88' lang='lat' dir='ltr'><strong>pane</strong></span> <span class='ocrx_word' id='word_1_109' title='bbox 826 2537 1055 2601; x_wconf 85' lang='lat' dir='ltr'><strong>vivunt</strong></span> <span class='ocrx_word' id='word_1_110' title='bbox 1099 2538 1278 2603; x_wconf 82' lang='lat' dir='ltr'><strong>cives</strong></span> <span class='ocrx_word' id='word_1_111' title='bbox 1322 2539 1655 2622; x_wconf 81' lang='lat' dir='ltr'><strong>utriusque</strong></span> <span class='ocrx_word' id='word_1_112' title='bbox 1697 2541 1948 2624; x_wconf 84' lang='lat' dir='ltr'><strong>patriae.</strong></span> 
     </span>
    </p>
   </div>
   <div class='ocr_carea' id='block_1_7' title="bbox 429 2692 2305 2991">
    <p class='ocr_par' dir='ltr' id='par_1_7' title="bbox 429 2692 2305 2991">
     <span class='ocr_line' id='line_1_19' title="bbox 431 2692 2305 2785; baseline 0.005 -27"><span class='ocrx_word' id='word_1_113' title='bbox 431 2692 636 2759; x_wconf 81' lang='lat' dir='ltr'><strong>Avidi</strong></span> <span class='ocrx_word' id='word_1_114' title='bbox 686 2713 946 2779; x_wconf 83' lang='lat' dir='ltr'><strong>semper</strong></span> <span class='ocrx_word' id='word_1_115' title='bbox 988 2703 1058 2759; x_wconf 89' lang='lat' dir='ltr'><strong>et</strong></span> <span class='ocrx_word' id='word_1_116' title='bbox 1100 2697 1308 2780; x_wconf 86' lang='lat' dir='ltr'><strong>pleni,</strong></span> <span class='ocrx_word' id='word_1_117' title='bbox 1354 2699 1531 2780; x_wconf 86' lang='lat' dir='ltr'><strong>quod</strong></span> <span class='ocrx_word' id='word_1_118' title='bbox 1578 2699 1852 2783; x_wconf 87' lang='lat' dir='ltr'><strong>habent,</strong></span> <span class='ocrx_word' id='word_1_119' title='bbox 1893 2699 2305 2785; x_wconf 82' lang='lat' dir='ltr'><strong>desiderant,</strong></span> 
     </span>
     <span class='ocr_line' id='line_1_20' title="bbox 440 2798 2008 2888; baseline 0.004 -26"><span class='ocrx_word' id='word_1_120' title='bbox 440 2818 569 2864; x_wconf 91' lang='lat' dir='ltr'><strong>non</strong></span> <span class='ocrx_word' id='word_1_121' title='bbox 614 2800 883 2862; x_wconf 82' lang='lat' dir='ltr'><strong>satietas</strong></span> <span class='ocrx_word' id='word_1_122' title='bbox 926 2798 1174 2862; x_wconf 84' lang='lat' dir='ltr'><strong>fastidit</strong></span> <span class='ocrx_word' id='word_1_123' title='bbox 1217 2819 1428 2881; x_wconf 90' lang='lat' dir='ltr'><strong>neque</strong></span> <span class='ocrx_word' id='word_1_124' title='bbox 1474 2803 1679 2865; x_wconf 82' lang='lat' dir='ltr'><strong>fames</strong></span> <span class='ocrx_word' id='word_1_125' title='bbox 1727 2806 2008 2888; x_wconf 84' lang='lat' dir='ltr'><strong>cruciat,</strong></span> 
     </span>
     <span class='ocr_line' id='line_1_21' title="bbox 429 2901 2063 2991; baseline 0.003 -23"><span class='ocrx_word' id='word_1_126' title='bbox 429 2904 751 2968; x_wconf 79' lang='lat' dir='ltr'><strong>inhiantes</strong></span> <span class='ocrx_word' id='word_1_127' title='bbox 796 2920 1054 2985; x_wconf 86' lang='lat' dir='ltr'><strong>semper</strong></span> <span class='ocrx_word' id='word_1_128' title='bbox 1100 2901 1299 2967; x_wconf 89' lang='lat' dir='ltr'><strong>edunt</strong></span> <span class='ocrx_word' id='word_1_129' title='bbox 1344 2912 1413 2967; x_wconf 88' lang='lat' dir='ltr'><strong>et</strong></span> <span class='ocrx_word' id='word_1_130' title='bbox 1456 2903 1725 2968; x_wconf 85' lang='lat' dir='ltr'><strong>edentes</strong></span> <span class='ocrx_word' id='word_1_131' title='bbox 1763 2905 2063 2991; x_wconf 84' lang='lat' dir='ltr'><strong>jubilant.</strong></span> 
     </span>
    </p>
   </div>
   <div class='ocr_carea' id='block_1_8' title="bbox 428 3069 2331 3364">
    <p class='ocr_par' dir='ltr' id='par_1_8' title="bbox 428 3069 2331 3364">
     <span class='ocr_line' id='line_1_22' title="bbox 429 3069 2255 3157; baseline 0.001 -21"><span class='ocrx_word' id='word_1_132' title='bbox 429 3071 653 3137; x_wconf 88' lang='lat' dir='ltr'><strong>Novas</strong></span> <span class='ocrx_word' id='word_1_133' title='bbox 701 3090 960 3155; x_wconf 86' lang='lat' dir='ltr'><strong>semper</strong></span> <span class='ocrx_word' id='word_1_134' title='bbox 1004 3069 1374 3136; x_wconf 86' lang='lat' dir='ltr'><strong>harmonias</strong></span> <span class='ocrx_word' id='word_1_135' title='bbox 1418 3090 1551 3136; x_wconf 86' lang='lat' dir='ltr'><strong>vox</strong></span> <span class='ocrx_word' id='word_1_136' title='bbox 1598 3072 1854 3137; x_wconf 86' lang='lat' dir='ltr'><strong>meloda</strong></span> <span class='ocrx_word' id='word_1_137' title='bbox 1900 3082 2255 3157; x_wconf 86' lang='lat' dir='ltr'><strong>concrepat</strong></span> 
     </span>
     <span class='ocr_line' id='line_1_23' title="bbox 430 3173 2115 3262; baseline -0.001 -21"><span class='ocrx_word' id='word_1_138' title='bbox 430 3182 498 3241; x_wconf 89' lang='lat' dir='ltr'><strong>et</strong></span> <span class='ocrx_word' id='word_1_139' title='bbox 540 3176 605 3239; x_wconf 83' lang='lat' dir='ltr'><strong>in</strong></span> <span class='ocrx_word' id='word_1_140' title='bbox 640 3176 918 3260; x_wconf 86' lang='lat' dir='ltr'><strong>jubilum</strong></span> <span class='ocrx_word' id='word_1_141' title='bbox 962 3176 1221 3260; x_wconf 84' lang='lat' dir='ltr'><strong>prolata</strong></span> <span class='ocrx_word' id='word_1_142' title='bbox 1266 3173 1550 3240; x_wconf 88' lang='lat' dir='ltr'><strong>mulcent</strong></span> <span class='ocrx_word' id='word_1_143' title='bbox 1597 3194 1787 3239; x_wconf 88' lang='lat' dir='ltr'><strong>aures</strong></span> <span class='ocrx_word' id='word_1_144' title='bbox 1834 3194 2115 3262; x_wconf 81' lang='lat' dir='ltr'><strong>organa,</strong></span> 
     </span>
     <span class='ocr_line' id='line_1_24' title="bbox 428 3278 2331 3364; baseline 0 -20"><span class='ocrx_word' id='word_1_145' title='bbox 428 3278 647 3362; x_wconf 82' lang='lat' dir='ltr'><strong>digna,</strong></span> <span class='ocrx_word' id='word_1_146' title='bbox 691 3300 813 3364; x_wconf 89' lang='lat' dir='ltr'><strong>per</strong></span> <span class='ocrx_word' id='word_1_147' title='bbox 859 3298 1048 3363; x_wconf 90' lang='lat' dir='ltr'><strong>quem</strong></span> <span class='ocrx_word' id='word_1_148' title='bbox 1092 3286 1241 3342; x_wconf 87' lang='lat' dir='ltr'><strong>sunt</strong></span> <span class='ocrx_word' id='word_1_149' title='bbox 1286 3278 1591 3360; x_wconf 86' lang='lat' dir='ltr'><strong>victores,</strong></span> <span class='ocrx_word' id='word_1_150' title='bbox 1638 3278 1940 3360; x_wconf 83' lang='lat' dir='ltr'><strong>regidant</strong></span> <span class='ocrx_word' id='word_1_151' title='bbox 1981 3282 2331 3364; x_wconf 73' lang='lat' dir='ltr'><strong>praeconia.</strong></span> 
     </span>
    </p>
   </div>
   <div class='ocr_carea' id='block_1_9' title="bbox 431 3437 2286 3731">
    <p class='ocr_par' dir='ltr' id='par_1_9' title="bbox 431 3437 2286 3731">
     <span class='ocr_line' id='line_1_25' title="bbox 432 3437 2286 3525; baseline 0 -18"><span class='ocrx_word' id='word_1_152' title='bbox 432 3441 657 3523; x_wconf 83' lang='lat' dir='ltr'><strong>Felix,</strong></span> <span class='ocrx_word' id='word_1_153' title='bbox 704 3437 852 3506; x_wconf 86' lang='lat' dir='ltr'><strong>coeli</strong></span> <span class='ocrx_word' id='word_1_154' title='bbox 897 3457 1043 3520; x_wconf 83' lang='lat' dir='ltr'><strong>quae</strong></span> <span class='ocrx_word' id='word_1_155' title='bbox 1088 3444 1476 3521; x_wconf 88' lang='lat' dir='ltr'><strong>praesentem</strong></span> <span class='ocrx_word' id='word_1_156' title='bbox 1522 3458 1745 3521; x_wconf 84' lang='lat' dir='ltr'><strong>regem</strong></span> <span class='ocrx_word' id='word_1_157' title='bbox 1791 3441 2026 3525; x_wconf 89' lang='lat' dir='ltr'><strong>cernit,</strong></span> <span class='ocrx_word' id='word_1_158' title='bbox 2076 3442 2286 3508; x_wconf 89' lang='lat' dir='ltr'><strong>anima</strong></span> 
     </span>
     <span class='ocr_line' id='line_1_26' title="bbox 432 3540 2243 3629; baseline -0.001 -17"><span class='ocrx_word' id='word_1_159' title='bbox 432 3553 502 3612; x_wconf 89' lang='lat' dir='ltr'><strong>et</strong></span> <span class='ocrx_word' id='word_1_160' title='bbox 545 3548 665 3611; x_wconf 90' lang='lat' dir='ltr'><strong>sub</strong></span> <span class='ocrx_word' id='word_1_161' title='bbox 709 3562 782 3607; x_wconf 87' lang='lat' dir='ltr'><strong>se</strong></span> <span class='ocrx_word' id='word_1_162' title='bbox 827 3548 1082 3627; x_wconf 87' lang='lat' dir='ltr'><strong>spectat</strong></span> <span class='ocrx_word' id='word_1_163' title='bbox 1127 3540 1361 3605; x_wconf 85' lang='lat' dir='ltr'><strong>alterni</strong></span> <span class='ocrx_word' id='word_1_164' title='bbox 1404 3543 1581 3606; x_wconf 88' lang='lat' dir='ltr'><strong>orbis</strong></span> <span class='ocrx_word' id='word_1_165' title='bbox 1626 3543 1806 3606; x_wconf 86' lang='lat' dir='ltr'><strong>volvi</strong></span> <span class='ocrx_word' id='word_1_166' title='bbox 1849 3543 2243 3629; x_wconf 86' lang='lat' dir='ltr'><strong>machinam,</strong></span> 
     </span>
     <span class='ocr_line' id='line_1_27' title="bbox 431 3644 2101 3731; baseline 0.001 -19"><span class='ocrx_word' id='word_1_167' title='bbox 431 3648 668 3731; x_wconf 83' lang='lat' dir='ltr'><strong>solem,</strong></span> <span class='ocrx_word' id='word_1_168' title='bbox 712 3647 929 3713; x_wconf 87' lang='lat' dir='ltr'><strong>lunam</strong></span> <span class='ocrx_word' id='word_1_169' title='bbox 972 3652 1042 3710; x_wconf 88' lang='lat' dir='ltr'><strong>et</strong></span> <span class='ocrx_word' id='word_1_170' title='bbox 1084 3644 1363 3729; x_wconf 82' lang='lat' dir='ltr'><strong>globosa</strong></span> <span class='ocrx_word' id='word_1_171' title='bbox 1407 3645 1541 3711; x_wconf 90' lang='lat' dir='ltr'><strong>bini</strong></span> <span class='ocrx_word' id='word_1_172' title='bbox 1589 3664 1818 3711; x_wconf 86' lang='lat' dir='ltr'><strong>cursus</strong></span> <span class='ocrx_word' id='word_1_173' title='bbox 1865 3647 2101 3714; x_wconf 85' lang='lat' dir='ltr'><strong>sidera.</strong></span> 
     </span>
    </p>
   </div>
   <div class='ocr_carea' id='block_1_10' title="bbox 425 3812 2142 4087">
    <p class='ocr_par' dir='ltr' id='par_1_10' title="bbox 425 3812 2142 4087">
     <span class='ocr_line' id='line_1_28' title="bbox 426 3812 2142 3900; baseline 0.002 -22"><span class='ocrx_word' id='word_1_174' title='bbox 426 3812 703 3897; x_wconf 85' lang='lat' dir='ltr'><strong>Christe,</strong></span> <span class='ocrx_word' id='word_1_175' title='bbox 750 3813 968 3897; x_wconf 88' lang='lat' dir='ltr'><strong>palma</strong></span> <span class='ocrx_word' id='word_1_176' title='bbox 1011 3813 1414 3896; x_wconf 85' lang='lat' dir='ltr'><strong>bellatorum,</strong></span> <span class='ocrx_word' id='word_1_177' title='bbox 1451 3813 1580 3880; x_wconf 91' lang='lat' dir='ltr'><strong>hoc</strong></span> <span class='ocrx_word' id='word_1_178' title='bbox 1623 3816 1688 3879; x_wconf 90' lang='lat' dir='ltr'><strong>in</strong></span> <span class='ocrx_word' id='word_1_179' title='bbox 1732 3815 2142 3900; x_wconf 87' lang='lat' dir='ltr'><strong>municipium</strong></span> 
     </span>
     <span class='ocr_line' id='line_1_29' title="bbox 426 3918 2105 4002; baseline -0.001 -20"><span class='ocrx_word' id='word_1_180' title='bbox 426 3918 728 3983; x_wconf 88' lang='lat' dir='ltr'><strong>introduc</strong></span> <span class='ocrx_word' id='word_1_181' title='bbox 768 3937 873 3982; x_wconf 87' lang='lat' dir='ltr'><strong>me</strong></span> <span class='ocrx_word' id='word_1_182' title='bbox 919 3927 1072 4001; x_wconf 86' lang='lat' dir='ltr'><strong>post</strong></span> <span class='ocrx_word' id='word_1_183' title='bbox 1116 3920 1394 3984; x_wconf 79' lang='lat' dir='ltr'><strong>solutum</strong></span> <span class='ocrx_word' id='word_1_184' title='bbox 1438 3919 1715 3983; x_wconf 85' lang='lat' dir='ltr'><strong>militare</strong></span> <span class='ocrx_word' id='word_1_185' title='bbox 1762 3920 2105 4002; x_wconf 74' lang='lat' dir='ltr'><strong>cingulum,</strong></span> 
     </span>
     <span class='ocr_line' id='line_1_30' title="bbox 425 4021 1956 4087; baseline 0.001 -3"><span class='ocrx_word' id='word_1_186' title='bbox 425 4021 534 4087; x_wconf 83' lang='lat' dir='ltr'><strong>fac</strong></span> <span class='ocrx_word' id='word_1_187' title='bbox 579 4029 943 4086; x_wconf 87' lang='lat' dir='ltr'><strong>consortem</strong></span> <span class='ocrx_word' id='word_1_188' title='bbox 991 4023 1279 4087; x_wconf 85' lang='lat' dir='ltr'><strong>donativi</strong></span> <span class='ocrx_word' id='word_1_189' title='bbox 1322 4023 1662 4086; x_wconf 86' lang='lat' dir='ltr'><strong>beatorum</strong></span> <span class='ocrx_word' id='word_1_190' title='bbox 1708 4024 1956 4086; x_wconf 86' lang='lat' dir='ltr'><strong>civium.</strong></span> 
     </span>
    </p>
   </div>
   <div class='ocr_carea' id='block_1_11' title="bbox 424 4182 2086 4475">
    <p class='ocr_par' dir='ltr' id='par_1_11' title="bbox 424 4182 2086 4475">
     <span class='ocr_line' id='line_1_31' title="bbox 425 4182 1986 4269; baseline 0 -20"><span class='ocrx_word' id='word_1_191' title='bbox 425 4182 659 4249; x_wconf 86' lang='lat' dir='ltr'><strong>Praebe</strong></span> <span class='ocrx_word' id='word_1_192' title='bbox 701 4185 878 4248; x_wconf 90' lang='lat' dir='ltr'><strong>vires</strong></span> <span class='ocrx_word' id='word_1_193' title='bbox 919 4184 1307 4248; x_wconf 84' lang='lat' dir='ltr'><strong>inexhausto</strong></span> <span class='ocrx_word' id='word_1_194' title='bbox 1351 4184 1675 4248; x_wconf 88' lang='lat' dir='ltr'><strong>laboranti</strong></span> <span class='ocrx_word' id='word_1_195' title='bbox 1718 4186 1952 4269; x_wconf 86' lang='lat' dir='ltr'><strong>proelio</strong></span> <span class='ocrx_word' id='word_1_196' title='bbox 1969 4232 1986 4267; x_wconf 91' lang='lat'><strong>,</strong></span> 
     </span>
     <span class='ocr_line' id='line_1_32' title="bbox 424 4286 2086 4372; baseline -0.001 -19"><span class='ocrx_word' id='word_1_197' title='bbox 424 4294 499 4353; x_wconf 89' lang='lat' dir='ltr'><strong>ut</strong></span> <span class='ocrx_word' id='word_1_198' title='bbox 541 4288 819 4372; x_wconf 89' lang='lat' dir='ltr'><strong>quietem</strong></span> <span class='ocrx_word' id='word_1_199' title='bbox 862 4293 1015 4371; x_wconf 89' lang='lat' dir='ltr'><strong>post</strong></span> <span class='ocrx_word' id='word_1_200' title='bbox 1055 4287 1477 4371; x_wconf 71' lang='lat' dir='ltr'><strong>praecinctum</strong></span> <span class='ocrx_word' id='word_1_201' title='bbox 1524 4286 1769 4353; x_wconf 88' lang='lat' dir='ltr'><strong>debeas</strong></span> <span class='ocrx_word' id='word_1_202' title='bbox 1819 4288 2086 4352; x_wconf 89' lang='lat' dir='ltr'><strong>emerito</strong></span> 
     </span>
     <span class='ocr_line' id='line_1_33' title="bbox 428 4389 1858 4475; baseline -0.001 -19"><span class='ocrx_word' id='word_1_203' title='bbox 428 4399 623 4474; x_wconf 87' lang='lat' dir='ltr'><strong>teque</strong></span> <span class='ocrx_word' id='word_1_204' title='bbox 667 4410 923 4455; x_wconf 84' lang='lat' dir='ltr'><strong>merear</strong></span> <span class='ocrx_word' id='word_1_205' title='bbox 964 4390 1161 4475; x_wconf 89' lang='lat' dir='ltr'><strong>potiri</strong></span> <span class='ocrx_word' id='word_1_206' title='bbox 1208 4390 1346 4456; x_wconf 89' lang='lat' dir='ltr'><strong>sine</strong></span> <span class='ocrx_word' id='word_1_207' title='bbox 1392 4389 1522 4455; x_wconf 91' lang='lat' dir='ltr'><strong>fine</strong></span> <span class='ocrx_word' id='word_1_208' title='bbox 1569 4392 1858 4473; x_wconf 86' lang='lat' dir='ltr'><strong>praemio.</strong></span> 
     </span>
    </p>
   </div>
   <div class='ocr_carea' id='block_1_12' title="bbox 2666 300 2799 370">
    <p class='ocr_par' dir='ltr' id='par_1_12' title="bbox 2666 300 2799 370">
     <span class='ocr_line' id='line_1_34' title="bbox 2666 300 2799 370; baseline 0.038 -5"><span class='ocrx_word' id='word_1_209' title='bbox 2666 300 2799 370; x_wconf 62' lang='lat'><strong>⁴88</strong></span> 
     </span>
    </p>
   </div>
   <div class='ocr_carea' id='block_1_13' title="bbox 2703 698 2788 762">
    <p class='ocr_par' dir='ltr' id='par_1_13' title="bbox 2703 698 2788 762">
     <span class='ocr_line' id='line_1_35' title="bbox 2703 698 2788 762; baseline 0.024 -2"><span class='ocrx_word' id='word_1_210' title='bbox 2703 698 2788 762; x_wconf 80' lang='lat'><strong>30</strong></span> 
     </span>
    </p>
   </div>
   <div class='ocr_carea' id='block_1_14' title="bbox 2701 1337 2788 1402">
    <p class='ocr_par' dir='ltr' id='par_1_14' title="bbox 2701 1337 2788 1402">
     <span class='ocr_line' id='line_1_36' title="bbox 2701 1337 2788 1402; baseline 0.046 -4"><span class='ocrx_word' id='word_1_211' title='bbox 2701 1337 2788 1402; x_wconf 82' lang='lat'><strong>3⁵</strong></span> 
     </span>
    </p>
   </div>
   <div class='ocr_carea' id='block_1_15' title="bbox 2698 1973 2784 2037">
    <p class='ocr_par' dir='ltr' id='par_1_15' title="bbox 2698 1973 2784 2037">
     <span class='ocr_line' id='line_1_37' title="bbox 2698 1973 2784 2037; baseline 0.023 -2"><span class='ocrx_word' id='word_1_212' title='bbox 2698 1973 2784 2037; x_wconf 78' lang='lat'><strong>40</strong></span> 
     </span>
    </p>
   </div>
   <div class='ocr_carea' id='block_1_16' title="bbox 2699 2544 2785 2608">
    <p class='ocr_par' dir='ltr' id='par_1_16' title="bbox 2699 2544 2785 2608">
     <span class='ocr_line' id='line_1_38' title="bbox 2699 2544 2785 2608; baseline 0 0"><span class='ocrx_word' id='word_1_213' title='bbox 2699 2544 2785 2608; x_wconf 81' lang='lat'><strong>45</strong></span> 
     </span>
    </p>
   </div>
   <div class='ocr_carea' id='block_1_17' title="bbox 2697 3179 2783 3244">
    <p class='ocr_par' dir='ltr' id='par_1_17' title="bbox 2697 3179 2783 3244">
     <span class='ocr_line' id='line_1_39' title="bbox 2697 3179 2783 3244; baseline 0.035 -3"><span class='ocrx_word' id='word_1_214' title='bbox 2697 3179 2783 3244; x_wconf 85' lang='lat'><strong>50</strong></span> 
     </span>
    </p>
   </div>
   <div class='ocr_carea' id='block_1_18' title="bbox 2693 3813 2780 3877">
    <p class='ocr_par' dir='ltr' id='par_1_18' title="bbox 2693 3813 2780 3877">
     <span class='ocr_line' id='line_1_40' title="bbox 2693 3813 2780 3877; baseline 0.023 -2"><span class='ocrx_word' id='word_1_215' title='bbox 2693 3813 2780 3877; x_wconf 83' lang='lat'><strong>55</strong></span> 
     </span>
    </p>
   </div>
   <div class='ocr_carea' id='block_1_19' title="bbox 2693 4390 2777 4454">
    <p class='ocr_par' dir='ltr' id='par_1_19' title="bbox 2693 4390 2777 4454">
     <span class='ocr_line' id='line_1_41' title="bbox 2693 4390 2777 4454; baseline 0.012 -1"><span class='ocrx_word' id='word_1_216' title='bbox 2693 4390 2777 4454; x_wconf 78' lang='lat'><strong>60</strong></span> 
     </span>
    </p>
   </div>
   <div class='ocr_carea' id='block_1_20' title="bbox 166 4611 2780 4770">
    <p class='ocr_par' dir='ltr' id='par_1_20' title="bbox 166 4611 2780 4770">
     <span class='ocr_line' id='line_1_42' title="bbox 339 4611 2773 4685; baseline 0.001 -17"><span class='ocrx_word' id='word_1_217' title='bbox 339 4611 436 4668; x_wconf 72' lang='lat' dir='ltr'><strong>ns.</strong></span> <span class='ocrx_word' id='word_1_218' title='bbox 470 4628 540 4667; x_wconf 76' lang='lat' dir='ltr'><strong>zu</strong></span> <span class='ocrx_word' id='word_1_219' title='bbox 577 4611 919 4682; x_wconf 62' lang='lat' dir='ltr'><strong>Karkabo,</strong></span> <span class='ocrx_word' id='word_1_220' title='bbox 956 4615 1106 4670; x_wconf 85' lang='lat' dir='ltr'><strong>ohne</strong></span> <span class='ocrx_word' id='word_1_221' title='bbox 1139 4613 1431 4681; x_wconf 74' lang='lat' dir='ltr'><strong>Numer,</strong></span> <span class='ocrx_word' id='word_1_222' title='bbox 1471 4615 1539 4667; x_wconf 75' lang='lat'><strong>15</strong></span> <span class='ocrx_word' id='word_1_223' title='bbox 1575 4612 1771 4669; x_wconf 80' lang='lat' dir='ltr'><strong>Jahrb.</strong></span> <span class='ocrx_word' id='word_1_224' title='bbox 1803 4614 1919 4682; x_wconf 81' lang='lat' dir='ltr'><strong>(A)</strong></span> <span class='ocrx_word' id='word_1_225' title='bbox 1954 4611 2056 4668; x_wconf 86' lang='lat' dir='ltr'><strong>Die</strong></span> <span class='ocrx_word' id='word_1_226' title='bbox 2092 4612 2334 4670; x_wconf 74' lang='lat' dir='ltr'><strong>Melodie</strong></span> <span class='ocrx_word' id='word_1_227' title='bbox 2370 4612 2541 4669; x_wconf 83' lang='lat' dir='ltr'><strong>sollte</strong></span> <span class='ocrx_word' id='word_1_228' title='bbox 2578 4612 2773 4685; x_wconf 74' lang='lat' dir='ltr'><strong>beige-</strong></span> 
     </span>
     <span class='ocr_line' id='line_1_43' title="bbox 166 4698 2780 4770; baseline 0 -14"><span class='ocrx_word' id='word_1_229' title='bbox 166 4698 465 4756; x_wconf 83' lang='lat' dir='ltr'><strong>schrieben</strong></span> <span class='ocrx_word' id='word_1_230' title='bbox 515 4699 746 4755; x_wconf 84' lang='lat' dir='ltr'><strong>werden</strong></span> <span class='ocrx_word' id='word_1_231' title='bbox 761 4739 777 4770; x_wconf 91' lang='lat'>‚</span> <span class='ocrx_word' id='word_1_232' title='bbox 840 4702 978 4757; x_wconf 79' lang='lat' dir='ltr'><strong>aber</strong></span> <span class='ocrx_word' id='word_1_233' title='bbox 1025 4702 1116 4758; x_wconf 83' lang='lat' dir='ltr'><strong>die</strong></span> <span class='ocrx_word' id='word_1_234' title='bbox 1150 4701 1550 4759; x_wconf 86' lang='lat' dir='ltr'><strong>Notenstriche</strong></span> <span class='ocrx_word' id='word_1_235' title='bbox 1600 4700 1726 4759; x_wconf 88' lang='lat' dir='ltr'><strong>sind</strong></span> <span class='ocrx_word' id='word_1_236' title='bbox 1775 4700 1911 4757; x_wconf 90' lang='lat' dir='ltr'><strong>leer.</strong></span> <span class='ocrx_word' id='word_1_237' title='bbox 1983 4699 2153 4762; x_wconf 81' lang='lat' dir='ltr'><strong>Steht</strong></span> <span class='ocrx_word' id='word_1_238' title='bbox 2190 4700 2336 4757; x_wconf 75' lang='lat' dir='ltr'><strong>auch</strong></span> <span class='ocrx_word' id='word_1_239' title='bbox 2369 4699 2464 4758; x_wconf 86' lang='lat' dir='ltr'><strong>bei</strong></span> <span class='ocrx_word' id='word_1_240' title='bbox 2496 4700 2586 4758; x_wconf 77' lang='lat' dir='ltr'><strong>Du</strong></span> <span class='ocrx_word' id='word_1_241' title='bbox 2618 4701 2780 4759; x_wconf 61' lang='lat' dir='ltr'><strong>Merit</strong></span> 
     </span>
    </p>
   </div>
  </div>
 </body>
</html>
