3159 5259
399 494 633 548 sanctus
667 490 777 544 iste
812 487 1044 559 spiritus
1079 486 1264 558 qualis
1300 486 1377 542 sit
1411 481 1651 555 artifex,
1705 484 2071 540 considerare
2102 484 2272 556 volo,
2327 484 2431 542 sed
2464 485 2524 541 in
2557 486 2686 558 ipsa
2718 503 2854 545 mea
2892 504 3029 545 con-

402 578 746 635 sideratione
795 572 1011 631 deficio.
1091 574 1291 645 Implet
1338 590 1573 646 namque
1628 571 1997 628 citharoedum
2042 587 2303 643 puerum,
2365 577 2426 628 et
2461 573 2815 645 psalmistam
2852 572 3031 653 ἠώς

398 665 595 736 implet
627 668 912 735 pastorem
947 663 1346 731 armentarium
1381 677 1716 734 sycomoros
1751 660 2127 730 vellicantem,
2163 665 2223 715 et
2247 660 2586 731 prophetam
2610 658 2779 732 facit3
2816 662 3025 735 implet

396 752 770 808 abstinentem
802 765 1054 821 puerum,
1089 755 1148 809 et
1173 751 1425 824 judicem
1447 764 1645 807 senum
1669 746 1837 819 facit3
1871 748 2070 819 implet
2093 746 2451 819 piscatorem,
2487 753 2547 805 et
2571 749 3026 821 praedicatoren

397 835 567 909 facit3
629 837 827 908 implet
860 840 1310 907 persecutorem,
1345 841 1408 893 et
1439 836 1731 893 doctorem
1766 835 2018 908 gentium
2050 832 2218 906 facit;
2280 835 2478 907 implet
2511 836 2910 907 publicanum,
2962 844 3021 896 et

399 924 813 997 evangelistam
845 920 999 979 facit.
1071 923 1118 981 0
1154 924 1336 995 qualis
1373 927 1463 980 est
1498 920 1706 980 artifex
1740 922 1851 977 iste
1887 922 2150 993 spiritus!
2186 921 2346 977 nulla
2379 923 2454 979 ad
2488 923 2815 980 discendum
2852 928 3023 983 mora

402 1012 597 1086 agitur
631 1012 690 1065 in
727 1026 905 1079 omne,
942 1010 1095 1081 quod
1128 1009 1407 1081 voluerit3
1467 1026 1601 1066 mox
1631 1014 1696 1065 ut
1728 1008 1987 1081 tetigerit
2020 1014 2287 1079 mentem,
2322 1009 2518 1081 docet,
2555 1010 2856 1085 solumque
2898 1013 3027 1070 teti-

406 1098 563 1170 gisse
601 1097 860 1153 docuisse
896 1103 997 1152 est.
1051 1114 1181 1152 nam
1215 1098 1511 1153 humanum
1546 1096 1788 1151 animum
1824 1095 2011 1151 subito
2047 1102 2111 1152 ut
2144 1095 2415 1166 illustrat,
2451 1097 2722 1169 immutat,
2765 1099 3026 1172 abnegat

403 1185 551 1239 hunc
586 1189 819 1256 repente
834 1225 848 1253 ,
884 1185 1035 1255 quod
1070 1187 1198 1240 erat
1215 1223 1230 1254 ,
1268 1183 1495 1240 exhibet
1527 1188 1761 1256 repente
1776 1223 1791 1252 ,
1827 1181 1978 1255 quod
2012 1198 2126 1238 non
2164 1189 2301 1238 erat.
2374 1183 2591 1256 Greqor.
2626 1202 2695 1241 m.
2728 1185 2932 1244 homil.
2966 1188 3025 1245 in

405 1288 491 1328 ev.
526 1275 578 1343 2,
614 1274 702 1344 30,
739 1273 788 1328 8.

1248 1623 1415 1699 180.
1476 1624 1597 1697 De
1650 1624 1899 1725 spiritu
1943 1633 2209 1697 sancto.

405 1829 470 1892 1.
511 1820 721 1889 Amor
764 1825 969 1909 patris
1013 1834 1081 1891 et
1123 1826 1275 1912 filii,

508 1930 654 1992 veri
698 1930 1007 2013 splendor
1052 1935 1312 2019 auxilii,

511 2033 707 2097 totius
752 2051 904 2116 spes
950 2036 1194 2120 solatii,

510 2167 566 2234 Ο
611 2169 990 2236 indeficie'ns
1032 2173 1286 2256 piorum

508 2272 622 2337 lux
667 2280 735 2337 et
775 2277 1112 2358 praemium
1145 2277 1503 2363 justorum,
1618 2281 1659 2344 5

511 2376 889 2443 sublevator
931 2379 1371 2466 perditorum3

511 2511 727 2578 Omnis
772 2515 1162 2582 fortitudinis
1176 2569 1194 2602 ,

511 2619 718 2682 omnis
763 2620 1166 2685 rectitudinis

512 2741 594 2788 ac
636 2725 1050 2789 beatitudinis

614 2826 922 2913 donator,
1574 2833 1658 2898 10

512 2962 732 3031 Omnis
778 2968 1223 3035 sanctitudinis

611 3076 879 3135 amator.

405 3231 471 3295 2.
517 3227 933 3315 Omnipotens
946 3280 964 3315 ,
1008 3232 1364 3319 propitiae,
1449 3208 1456 3217 ο

516 3335 946 3420 omnitenen8‚
992 3337 1309 3403 innoxius

513 3470 792 3554 Justius,
841 3475 1085 3558 carius,
1130 3475 1497 3561 honestius,
1575 3478 1660 3543 15

516 3575 830 3657 sanctius,
878 3577 1107 3642 fortius
1121 3626 1139 3661 ,
1187 3581 1510 3665 subtilius,

516 3695 644 3761 quo
686 3677 844 3742 nihil
888 3687 989 3743 est
1030 3682 1389 3765 potentius,

513 3799 640 3864 quo
689 3781 848 3846 nihil
891 3789 993 3847 est
1035 3785 1147 3849 vel
1189 3784 1434 3853 melius.

509 3918 909 3987 Illuminator
953 3922 1242 3988 cordium
1259 3970 1277 4006 ,

513 4042 636 4108 per
663 4042 851 4106 quem
881 4023 964 4087 ad
983 4032 1238 4108 patrem
1264 4027 1541 4095 omnium
1572 4031 1660 4097 20

510 4130 767 4195 venitur
812 4137 879 4193 et
923 4128 1007 4194 ad
1052 4129 1269 4197 filium.

403 4290 470 4354 3.
514 4287 692 4357 Fons
737 4291 977 4375 ingenii
998 4341 1015 4375 ‚

516 4390 708 4455 dator
749 4394 999 4477 gaudii,

512 4494 833 4561 medicina
874 4500 1045 4581 vitii,

513 4602 778 4685 spiritus
824 4606 1090 4670 consilii.
1575 4610 1662 4676 25

513 4705 771 4775 humilis'
721 4710 734 4723 “
782 4757 801 4794 ,
848 4709 1078 4776 docilis

1870 1847 1950 1896 ac
1991 1827 2391 1893 invariabilis
2404 1877 2422 1912 ,

1868 1932 2105 1998 habilis
2123 1978 2141 2015 ,
2187 1933 2422 1999 nobilis

1871 2052 1953 2099 ac
1995 2034 2481 2119 insuperabilis,

1868 2143 2206 2220 promptus
2251 2143 2318 2200 et
2362 2136 2672 2203 amabilis.
2943 2144 3026 2209 30

1869 2239 2108 2304 donum
2151 2240 2428 2306 electum

1869 2340 2034 2406 dans
2076 2342 2475 2409 intellectum

1871 2444 2035 2509 dans
2081 2453 2149 2510 et
2191 2446 2490 2513 affectum
2503 2494 2521 2531 ,

1870 2548 2161 2632 dirigens
2205 2559 2470 2616 rectum.

1810 2764 1824 2778 .
1867 2712 2083 2779 Patris
2128 2734 2209 2781 ac
2250 2716 2387 2781 nati
2429 2718 2723 2802 spiritus,
2934 2721 3024 2786 35

1868 2818 2209 2886 vivificans
2255 2823 2645 2906 paraclitus,

1870 2921 2108 2987 divinae
2154 2922 2403 2989 dextrae
2447 2924 2717 3011 digitus,

1868 3026 2255 3111 sublimitas,
2295 3028 2671 3112 jocunditas

1867 3136 1935 3193 et
1975 3130 2188 3212 pietas
2234 3139 2300 3195 et
2344 3134 2635 3218 bonitas,

1766 3230 1771 3233 ’
1868 3234 2234 3315 benignitas
2279 3243 2345 3300 et
2387 3236 2681 3321 largitas,
2931 3242 3021 3307 40

1869 3369 1990 3449 Qui
2031 3380 2227 3458 prout
2270 3374 2409 3439 vult
2454 3383 2522 3440 et
2564 3377 2678 3442 ubi
2720 3378 2898 3463 vult,

1868 3494 2201 3559 quousque
2246 3479 2385 3543 vult
2421 3489 2486 3545 et
2524 3491 2833 3564 quantum
2860 3484 3021 3570 vult,

1867 3581 2074 3662 spirat
2117 3589 2183 3645 et
2227 3582 2463 3667 erudit,

1870 3681 2031 3747 ditat
2075 3692 2142 3749 et
2184 3687 2468 3768 instruit,

1867 3788 2081 3872 replet
2126 3798 2194 3854 et
2236 3790 2446 3873 erigit.
2936 3797 3022 3861 45

1810 4000 1824 4016 .
1868 3947 2151 4035 Spiritus
2195 3952 2485 4018 scientiae

1869 4055 1955 4120 ad
2000 4056 2463 4122 consolandum
2506 4057 2701 4123 hodie

1868 4162 2181 4247 apostolis
2228 4161 2506 4228 donatur

1868 4273 1937 4330 et
1979 4265 2076 4331 eis
2118 4265 2413 4350 plenarie

1868 4367 2016 4432 fons
2058 4388 2240 4434 verae
2286 4370 2625 4454 sapientiai
2941 4377 3027 4445 50

1868 4490 1990 4554 per
2034 4472 2207 4538 hunc
2259 4472 2762 4542 administratur.

1870 4605 2088 4674 Corde
2133 4609 2550 4678 devotissimo

1871 4714 2326 4786 benedicamus
2372 4715 2651 4784 domino.
