3159 5259
383 500 571 584 'l'ege
615 516 778 581 ergo
790 546 809 582 ,
855 497 1016 564 deus
1034 544 1052 580 ‚
1096 495 1250 560 forti
1296 495 1506 561 lorica

381 624 530 673 cum
576 603 858 686 scapolis
904 602 1208 667 humeros
1254 605 1320 663 et
1345 597 1637 680 brachia,

384 716 538 791 tege
555 707 742 772 ulnas
763 724 906 770 cum
926 704 1107 771 cubis
1126 710 1193 767 et
1210 702 1522 783 manibus,
1553 700 1637 761 55

382 828 675 898 pugnos,
719 810 998 896 palmas,
1044 806 1284 888 digitos
1331 823 1474 869 cum
1518 824 1638 867 un-

1077 910 1331 990 gmbus.

388 1099 572 1183 Tege
630 1096 883 1180 spinam
936 1101 1005 1159 et
1050 1101 1297 1159 costam
1342 1110 1486 1157 cum
1530 1110 1642 1155 ar-

1079 1200 1271 1263 tubus
1291 1245 1308 1279 ,

387 1313 599 1387 terga,
650 1302 909 1370 dorsum
946 1318 1318 1382 nervosque
1352 1316 1495 1364 cum
1530 1314 1645 1362 os·-

1082 1405 1260 1469 sibus
1275 1450 1293 1484 ,

387 1518 545 1595 tege
601 1516 844 1592 cutem,
916 1509 1298 1591 sanguinem
1341 1524 1486 1571 cum
1532 1524 1643 1568 re-

1079 1609 1267 1673 nibus
1287 1653 1305 1689 ,

389 1710 755 1779 catacrines
773 1758 792 1793 ,
914 1717 1102 1775 nates
1203 1726 1348 1773 cum
1433 1706 1645 1770 femo-

1084 1811 1280 1875 ribus.
1559 1808 1641 1871 60

394 2001 577 2083 Tege
623 2002 914 2083 gambas,
960 2017 1144 2079 sura,
1189 1996 1556 2077 femoralia,

391 2124 539 2179 cum
582 2103 878 2187 genuclis
919 2103 1202 2188 poplites
1245 2109 1314 2166 et
1356 2120 1602 2183 genua,

392 2217 548 2290 tege
593 2206 760 2272 talos
806 2224 950 2271 cum
1010 2205 1180 2269 tibiis
1225 2212 1293 2268 et
1337 2204 1644 2285 calcibus,

392 2330 616 2395 crura,
673 2309 881 2395 pedes
925 2310 1292 2392 plantarum
1338 2325 1481 2371 cum
1525 2306 1645 2369 ba-

1089 2413 1284 2476 sibus.

390 2602 577 2686 Tege
657 2617 875 2665 ramos
959 2603 1455 2664 concrescentes
1530 2595 1648 2660 de-

1086 2703 1219 2768 cies
1559 2702 1645 2764 65

394 2828 540 2876 cum
577 2807 950 2889 mentagris,
996 2824 1206 2889 unges
1245 2805 1430 2870 binos
1462 2805 1647 2887 quin-

1199 2926 1270 2971 es

393 3027 548 3101 tege
568 3024 816 3101 pectuS,
836 2928 1640 3099 jugulagffpe’ctusculum,

391 3120 729 3202 mamillas,
755 3117 1156 3184 stomachum
1175 3123 1240 3181 et
1259 3116 1641 3183 umbilicum.

390 3298 573 3382 Tege
616 3304 939 3380 ventrem,
983 3296 1268 3378 lumbos,
1312 3294 1642 3379 genitalia,

391 3401 613 3466 alvum
657 3408 724 3463 et
768 3399 983 3465 cordis
1028 3399 1284 3481 vitalia,
1558 3399 1641 3461 70

391 3513 548 3587 tege
592 3503 878 3569 trifidum
915 3505 1105 3587 jecor
1151 3512 1218 3570 et
1259 3505 1401 3585 ilia,

389 3607 680 3689 marsim,
742 3607 1094 3691 reniculoS,
1168 3607 1445 3672 fethrem
1499 3626 1646 3672 cum

1086 3708 1346 3791 obligia.

1742 492 1921 576 Tege
1966 492 2185 558 toliam
2203 539 2221 575 ,
2265 490 2602 557 thoracem
2649 509 2797 556 cum
2846 488 3015 574 pul-

2330 611 2521 661 mone
2537 641 2555 677 ,

1742 714 1946 761 venas
1964 743 1984 779 ,
2068 694 2270 761 fibras
2290 743 2308 778 ,
2389 696 2480 759 fel
2541 713 2688 759 cum
2741 692 3011 758 buclia·

2420 798 2619 878 mine3

1743 911 1897 984 tege
1944 919 2225 985 carnem,
2272 901 2621 983 unguinem
2666 916 2811 964 cum
2858 917 3008 963 me-

2426 1003 2617 1068 dullis
2634 1051 2654 1086 ,
2910 1005 2954 1064 ’ἵ
2961 1004 3007 1063 5

1744 1108 2035 1190 splenem
2075 1107 2388 1173 tortuosis
2435 1126 2578 1174 cum
2622 1105 2966 1171 intestinis.

1744 1291 1925 1377 Tege
1972 1293 2285 1377 vesicam,
2340 1293 2597 1379 adipem
2643 1301 2711 1358 et
2754 1286 3009 1370 πάντες

1745 1396 2177 1479 conpaginum
2220 1395 2588 1460 innumeros
2635 1394 2943 1476 ordines;

1744 1505 1898 1581 tege
1944 1498 2112 1580 pilos
2157 1504 2351 1580 atque
2396 1499 2682 1562 membra
2723 1497 3003 1578 reliqua,

1747 1619 2016 1685 quorum
2041 1601 2214 1666 forte
2241 1601 2576 1685 praeterivi
2603 1601 2884 1665 nomina.
2916 1600 3004 1665 80

1746 1791 1926 1873 Tege
1971 1796 2175 1854 totum
2217 1808 2320 1853 me
2357 1806 2502 1854 cum
2539 1789 2822 1871 quinque
2849 1806 3011 1854 sen·

2430 1893 2607 1957 sibus

1747 2004 1814 2061 et
1859 2014 2001 2062 cum
2047 1995 2273 2063 decem
2317 1996 2694 2061 fabrefactis
2729 1995 3003 2079 foribus,

1748 2108 1818 2164 ut
1864 2121 1903 2164 a
1945 2100 2185 2183 plantis
2228 2119 2435 2182 usque
2479 2100 2544 2165 in
2589 2100 2912 2165 verticem

1746 2204 1927 2268 nullo
1971 2205 2259 2269 membro
2302 2203 2463 2267 foris
2509 2210 2843 2286 aegrotem.

1750 2409 1892 2476 Nec
1948 2409 2033 2476 de
2092 2430 2241 2478 meo
2296 2414 2498 2477 vitam
2555 2412 2807 2494 possint
2864 2418 3005 2475 tru-

2430 2512 2589 2578 dere
2918 2512 3003 2576 85

1750 2616 1973 2703 pestis,
2022 2616 2242 2699 febris,
2285 2616 2582 2700 languor,
2630 2614 2818 2680 dolor
2854 2632 3006 2680 cor-

2414 2737 2613 2803 pore,

1752 2821 1965 2887 donec
1999 2820 2141 2904 jam
2184 2819 2380 2884 dante
2428 2820 2553 2885 deo
2599 2837 2859 2883 seneam

1751 2932 1819 2989 et
1861 2931 2138 3009 peccata
2179 2942 2326 2988 mea
2369 2924 2558 2988 bonis
2603 2923 2872 2986 deleam.

1745 3132 1835 3200 Ut
1878 3133 1961 3198 de
2009 3155 2204 3200 carne
2249 3135 2390 3199 iens
2439 3134 2580 3199 imis
2628 3152 2890 3200 caream

1747 3246 1813 3302 et
1858 3237 1944 3302 ad
1989 3239 2122 3303 alta
2168 3240 2435 3304 evolare
2482 3239 2759 3321 valeam,
2920 3238 3011 3302 90

1748 3349 1815 3406 et
1858 3343 2120 3407 miserto
2175 3342 2299 3407 deo
2345 3342 2431 3409 ad
2480 3342 2774 3407 aetherea

1752 3447 1941 3511 laetus
1988 3447 2195 3513 vehar
2239 3447 2428 3531 regni
2462 3446 2829 3530 refrigeria.

1819 3604 2106 3689 Explicit
2131 3606 2428 3692 hymnus,
2459 3627 2647 3691 quem
2664 3605 3003 3674 Lathacan

1819 3710 2156 3790 scotigena
2200 3709 2372 3775 fecit.

568 3909 660 3965 Hs.
696 3926 767 3964 zu
803 3909 1130 3965 Darmstadt
1181 3910 1285 3964 No.
1323 3910 1480 3964 2106.
1535 3926 1639 3964 aus
1686 3910 1812 3964 dem
1862 3902 2017 3964 Ende
2069 3909 2168 3966 des
2218 3912 2251 3967 8
2288 3911 2478 3967 Jahrb.
2561 3912 2622 3967 In
2659 3910 2761 3966 der
2796 3910 2893 3967 Hs.
2928 3909 3009 3965 ist

392 3996 498 4053 das
549 3997 686 4052 Lied
736 3996 893 4051 nicht
940 3995 1356 4066 strophenweis
1408 3996 1738 4069 abgetheilt.
1809 3997 1923 4053 Das
1959 3997 2098 4053 Lied
2144 4000 2298 4054 steht
2333 4000 2476 4055 auch
2513 4000 2572 4054 in
2609 3999 2767 4053 einer
2802 3997 2897 4053 Hs.
2933 4012 3004 4051 zu

389 4085 563 4140 Wien
599 4084 698 4139 des
737 4086 805 4138 15
841 4084 1056 4152 Jahrb„
1092 4098 1303 4137 wovon
1339 4083 1502 4139 Denis
1535 4084 1702 4140 catal.
1740 4085 1903 4141 codd.
1941 4086 2115 4143 theol.
2142 4086 2380 4143 Vindob.
2408 4088 2447 4157 1,
2474 4090 2527 4157 3,
2564 4101 2615 4156 p.
2636 4088 2780 4141 2932
2816 4085 3007 4156 einige

387 4171 567 4227 Verse
612 4171 881 4227 mittheilt
944 4171 1057 4225 und
1104 4169 1350 4225 dariiber
1397 4176 1555 4243 sagt:
1634 4172 1922 4243 „Hymnus
1976 4179 2068 4229 sat
2113 4175 2379 4229 mendose
2415 4173 2658 4244 scriptus
2673 4213 2688 4243 ‚
2752 4172 2911 4227 rudis
2946 4177 3007 4228 et

386 4258 839 4329 superstitiosus,
877 4273 990 4328 quo
1028 4257 1151 4328 quis
1190 4273 1384 4312 omnes
1420 4258 1517 4315 vel
1551 4259 1806 4314 minimas
1844 4260 2106 4331 corporis
2143 4261 2232 4316 sui
2258 4267 2453 4332 partes
2480 4261 2587 4316 deo
2616 4259 3011 4332 protegendas

385 4360 625 4417 prorsus
665 4342 1008 4416 ἀνατομικοῖς
1042 4344 1376 4400 adnumerat
1421 4344 1504 4414 (1.
1540 4349 1889 4417 enumerat).
1943 4346 2040 4401 ubi
2075 4346 2149 4402 ad
2181 4347 2553 4403 membrorum
2589 4361 2816 4401 censum
2851 4344 3008 4400 dela-

384 4430 567 4501 bitur,
630 4432 950 4488 Plautinum
986 4436 1043 4485 te
1080 4446 1275 4487 cocum
1324 4436 1421 4486 aut
1456 4431 1753 4488 Merlinum
1789 4434 2094 4506 Coccajum
2142 4434 2338 4489 audire
2377 4434 2590 4489 credas.
2609 4436 2638 4466 “
2713 4433 2907 4488 Wenn
2941 4448 3009 4487 es

383 4520 486 4576 mit
521 4518 1073 4591 geringschiitzigem
1108 4519 1283 4590 Spott
1330 4520 1542 4591 gethan
1591 4523 1781 4592 wiire,
1844 4537 1911 4576 so
1948 4517 2135 4576 diirfte
2174 4522 2266 4576 ich
2301 4520 2454 4576 nicht
2492 4535 2729 4592 wagen,
2794 4518 3009 4574 diesem

385 4606 609 4661 Urtheil
646 4607 748 4662 der
773 4603 1141 4676 Aufkliirung
1175 4606 1429 4661 zuwider
1463 4606 1566 4662 das
1602 4607 1978 4663 unbeholfene
2014 4606 2153 4664 Lied
2185 4609 2436 4665 bekannt
2469 4625 2541 4663 zu
2575 4607 2826 4675 macheu,
2864 4606 3011 4662 aber

380 4688 461 4745 da
492 4707 621 4750 man
656 4693 716 4749 in
752 4693 856 4750 der
890 4692 1222 4750 Geschichte
1257 4694 1359 4750 der
1394 4695 1679 4753 moratur
1716 4696 1827 4752 wie
1862 4697 1931 4753 in
1947 4694 2427 4755 Sammelwerken
2460 4695 2611 4753 auch
2644 4691 2753 4751 auf
2778 4692 3013 4753 nuvell-
