3159 5259
364 210 504 279 18⁴

514 393 580 450 V.
612 396 697 451 42.
753 394 890 453 Cum
937 394 1193 453 dominus
1239 393 1455 469 lignun
1498 397 1764 466 portaret
1817 395 2030 463 crucis,
2084 394 2352 465 triumphi
2407 394 2502 450 sni
2542 396 2816 466 portabat
2862 401 2990 455 tro-

366 483 593 555 pbaeum
644 486 704 537 et
750 481 973 554 signum
1018 481 1223 538 salutis
1255 482 1607 541 adorandum
1639 481 1833 553 regnis
1870 481 2127 539 omnibus
2163 478 2459 538 inferebat.
2520 482 2678 539 Lem
2712 500 2777 539 m»
2817 500 2994 545 serm.

366 572 455 638 59,
495 572 544 625 4.
615 569 730 627 Das
766 569 1032 625 vexillum
1068 568 1383 639 frontibus,
1419 569 1643 626 bezieht
1678 571 1800 627 sich
1825 568 1932 627 auf
1959 569 2048 625 die
2086 570 2479 643 Bezeichnung
2515 571 2618 627 der
2653 571 2847 628 Stine
2879 574 2996 635 mit

367 657 496 713 dem
530 656 752 715 Kreuze
786 656 880 711 bei
916 656 1019 711 der
1052 654 1262 727 Taufe;
1333 674 1395 711 es
1443 657 1522 713 ist
1571 658 1841 715 darunter
1888 656 2074 713 crucis
2123 656 2392 715 vexillum
2425 659 2800 729 ven-standon,
2854 676 2994 721 wa·

366 744 583 801 Hieron.
619 745 746 801 adv.
780 742 968 807 Jovin.
1002 745 1053 813 2,
1090 745 1161 800 37
1198 743 1450 803 braucht.
1522 744 1655 816 vgl.
1689 746 1794 801 No.
1831 749 1952 815 111,
1987 747 2036 801 3.

1134 1028 1300 1101 102.
1371 1030 1703 1129 Hymnus
1755 1028 1844 1102 de
1898 1054 1952 1101 s.
1996 1052 2225 1101 eruce.

370 1197 555 1264 Crux
581 1205 713 1282 tua,
759 1196 1036 1279 Christe,
1083 1199 1258 1264 salus
1302 1199 1629 1265 hominum

368 1303 637 1368 abstulit
683 1319 870 1367 omne
914 1301 1100 1366 nefas
1145 1311 1459 1388 veterum,

372 1425 538 1491 quos
584 1406 769 1471 dolus
817 1406 1105 1472 hosticus
1150 1408 1407 1473 illicitos

368 1510 684 1595 implicuit
728 1511 980 1577 violare
1027 1512 1226 1577 cibos,

371 1670 674 1741 Criminis
717 1673 913 1759 hujus
952 1676 1036 1740 ob
1084 1675 1348 1740 exitium
1585 1680 1623 1740 5

370 1784 445 1843 tu
487 1777 633 1861 pius
680 1795 752 1841 es
799 1776 987 1841 datus
1032 1777 1100 1843 in
1141 1779 1450 1863 pretium,

369 1882 668 1947 surculus
711 1886 784 1947 ut
826 1899 1075 1949 nocuus
1117 1883 1331 1949 veniae

368 1980 640 2048 cederet
682 1983 937 2046 arboris
980 1983 1292 2049 innocuae.

370 2140 519 2210 Hoc
560 2144 936 2209 venerabile
980 2147 1182 2210 robur
1226 2145 1401 2210 humi

366 2254 523 2331 post
567 2248 808 2312 obitum
850 2247 1037 2314 latuit
1082 2248 1321 2315 domini
1541 2252 1623 2317 10

366 2355 667 2434 tempora
710 2350 891 2433 regis
937 2350 1023 2415 ad
1066 2370 1269 2435 usque
1314 2352 1407 2437 pii

366 2471 457 2518 ex
497 2451 751 2519 Helena
794 2455 1111 2536 genitrice
1156 2456 1298 2520 sati.

367 2612 511 2693 Quo
554 2612 727 2681 Latii
771 2626 968 2701 caput
1009 2619 1261 2703 imperii

364 2719 614 2800 absque
651 2727 824 2783 metu
868 2720 1245 2788 moderante
1291 2724 1418 2809 sui,

362 2837 512 2885 cum
555 2821 777 2886 valida
821 2822 1001 2888 furor
1048 2824 1221 2891 hunc
1266 2829 1408 2895 acie
1536 2832 1618 2895 15

360 2932 660 3010 coeperat
700 2927 988 2994 hosticus
1031 2931 1313 3016 irruere,

358 3088 552 3159 Ilicet
595 3095 824 3161 anxius
869 3096 1011 3180 ipse
1055 3098 1156 3167 sui

362 3194 657 3260 redditus
704 3207 804 3263 est
849 3217 1046 3286 super
1090 3201 1220 3268 hoc
1265 3205 1490 3288 animi,

360 3314 449 3359 ne
494 3296 615 3362 sibi
659 3300 851 3382 copia
897 3311 1306 3389 suppeteret,

361 3415 495 3481 qua
522 3397 665 3464 fera
690 3408 963 3483 pectora
989 3407 1458 3489 comprimeret.
1525 3411 1614 3474 20

357 3554 494 3625 Ast
535 3561 645 3625 ubi
690 3562 865 3629 fessa
911 3565 1126 3649 quiete
1169 3570 1399 3636 fovens

352 3681 641 3753 corpora
684 3676 1010 3735 straverat
1052 3674 1278 3739 umbra
1321 3676 1538 3763 silenS,

356 3774 490 3833 tum
540 3788 740 3855 sopor
785 3774 1104 3860 arripiens
1149 3777 1426 3845 animum

350 3874 671 3960 principis
716 3878 990 3945 obtinuit
1034 3881 1336 3951 timidum.

350 4035 531 4104 Ecce
574 4038 791 4125 figura
835 4044 1045 4109 crucis
1088 4046 1301 4113 medio
1518 4052 1602 4116 25

353 4143 584 4206 enituit
626 4147 928 4212 rutilante
973 4151 1130 4233 polo

352 4243 662 4329 claraque
704 4269 839 4316 vox
882 4272 1081 4343 super
1123 4255 1430 4325 intonuit:

358 4348 593 4432 „vince
633 4371 755 4435 per
798 4353 956 4440 hoc,
1008 4358 1117 4442 pie
1166 4356 1446 4427 caesar!“
1495 4362 1603 4429 ait.

346 4510 647 4599 Denique
694 4535 813 4602 spe
857 4519 1169 4590 redeunte
1213 4526 1335 4592 sibi

342 4634 504 4685 mox
548 4635 675 4706 ope
718 4638 852 4687 non
895 4621 1106 4692 dubiae
1149 4626 1305 4695 fidei
1513 4635 1598 4702 30

1732 1200 1906 1265 edita
1955 1201 2143 1282 signa
2187 1199 2398 1263 crucis
2442 1200 2686 1283 populo

1730 1305 2002 1388 signifer
2048 1304 2278 1369 extulit
2323 1304 2464 1386 ipse
2511 1321 2649 1368 suo.

1732 1467 2021 1534 Cernere
2065 1486 2338 1554 prorsus
2383 1476 2526 1532 erat
2568 1468 2850 1533 miseros

1730 1575 1826 1638 sic
1875 1572 2033 1637 dare
2080 1581 2271 1655 terga
2315 1570 2472 1655 fuga
2517 1572 2841 1656 trepidos,

1730 1664 2007 1760 qualiter
2052 1679 2290 1741 arbore
2338 1674 2610 1740 decidua
2898 1678 2989 1742 35

1730 1780 1915 1845 arida
1957 1789 2189 1845 ventus
2235 1781 2374 1863 agit
2415 1780 2588 1844 folia.

1728 1943 1896 2010 Hinc
1940 1943 2256 2008 animatus
2301 1962 2521 2008 amore
2568 1943 2678 2011 dei

1727 2068 1848 2112 rex
1894 2066 2013 2112 sua
2057 2048 2230 2112 colla
2267 2048 2438 2133 jugo
2481 2046 2638 2111 fidei

1727 2150 2012 2217 subdidit
2057 2158 2124 2216 et
2167 2160 2526 2216 renovante
2572 2169 2765 2217 sacro

1729 2253 2072 2318 ecclesiam
2117 2253 2311 2319 subiit
2345 2254 2631 2320 lavaero.
2896 2254 2986 2319 40

1725 2415 1821 2483 At
1866 2417 2053 2481 simili
2097 2417 2341 2501 pietate
2383 2419 2617 2500 vigens

1723 2522 1926 2606 ipsius
1971 2519 2225 2586 Helena
2272 2518 2378 2584 dia
2422 2539 2665 2605 parens

1724 2623 1953 2688 sedula
1999 2622 2080 2686 de
2128 2641 2320 2688 cruce
2367 2624 2742 2688 continuum

1723 2747 2021 2811 quaerere
2068 2734 2356 2811 coeperat
2400 2726 2720 2791 indicium.

1718 2890 2004 2957 Plurima
2048 2892 2260 2975 gentis
2308 2898 2373 2955 et
2418 2891 2748 2956 hebraicae
2888 2891 2972 2955 45

1711 2991 2003 3076 jusserat
2048 2993 2307 3075 agmina
2353 2992 2662 3074 colligere
2679 3039 2697 3074 ‚

1720 3113 1847 3177 quo
1895 3096 2018 3161 sibi
2062 3104 2295 3180 sponte
2339 3097 2559 3181 palam
2599 3096 2852 3162 faceret

1724 3206 1898 3264 tecta
1943 3200 2226 3281 negotia,
2273 3217 2421 3281 quae
2467 3207 2755 3283 cuperet.

1721 3361 1941 3428 Corda
1986 3363 2104 3427 sed
2146 3364 2342 3447 impia
2386 3382 2574 3429 cassa
2610 3363 2743 3429 fide

1717 3469 1861 3534 fixit
1905 3470 2165 3534 aculeus
2211 3470 2504 3555 invidiae,
2886 3472 2971 3537 50

1713 3574 2043 3658 suppliciis
2089 3594 2278 3658 mage
2316 3576 2487 3640 velle
2523 3577 2708 3659 mori,

1712 3699 1982 3744 munera
2026 3699 2216 3763 quam
2260 3699 2561 3749 reserare
2607 3680 2731 3745 dei.

1712 3842 1888 3921 Quos
1934 3844 2120 3908 simul
2163 3846 2318 3928 igne
2365 3866 2656 3911 cremare
2691 3846 2947 3931 jubens

1712 3950 1957 4030 absque
2003 3948 2185 4013 mora
2230 3951 2531 4015 basilissa
2573 3959 2810 4035 potens

1711 4053 2019 4136 compulit
2060 4053 2182 4117 hos
2228 4054 2372 4118 fore
2418 4054 2763 4138 veridicos,
2885 4058 2974 4121 55

1711 4175 1874 4240 quos
1919 4177 2038 4222 sua
2083 4158 2262 4227 fraus
2308 4160 2450 4224 tulit
2494 4168 2646 4226 ante
2692 4178 2866 4226 reos,

1707 4321 1982 4388 Nomine
2027 4341 2303 4404 namque
2345 4321 2583 4387 Judam
2629 4324 2880 4389 socium

1706 4422 1970 4490 tradere
2023 4424 2404 4510 disposuere
2451 4444 2662 4509 suum,

1705 4530 1929 4612 regius
1973 4529 2229 4613 hocque
2276 4529 2432 4596 dato
2475 4530 2801 4615 placidam

1705 4632 1809 4699 his
1854 4634 2049 4719 vigor
2096 4636 2386 4727 exhibuit
2429 4636 2769 4705 dominam.
2879 4637 2968 4705 60
