3159 5259
430 303 565 368 412

432 487 589 554 Vita
631 487 847 554 mundi
862 537 879 572 ‚
923 490 1061 555 vita
1105 491 1278 556 follis
1292 540 1311 575 ,
1410 543 1417 550 .

433 592 621 657 nimis
663 594 812 658 vilis
858 603 1051 676 atque
1095 597 1338 679 mollis,

430 711 578 758 cum
621 701 693 760 tu
736 696 827 759 sis
869 696 1045 760 iners
1082 704 1150 762 et
1191 697 1399 781 rudis,

431 806 711 865 mentem
754 820 964 865 meam
1008 821 1125 867 cur
1172 801 1424 868 deludis
1445 802 1485 868 ἵ

428 955 585 1023 Vita
627 938 846 1023 mundi
887 977 996 1023 res
1042 959 1395 1046 immunda,

432 1060 591 1124 solis
634 1060 845 1143 impiis
879 1060 1207 1145 jocunda,

432 1162 885 1228 nutrimentum
926 1165 1227 1230 vitiorum
1248 1213 1266 1248 ,

432 1264 588 1348 quid
632 1265 839 1334 babes
882 1268 950 1334 in
994 1275 1060 1333 te
1105 1268 1465 1336 decorum?

428 1441 586 1510 Vita
628 1445 846 1511 mundi
881 1466 989 1511 res
1027 1446 1305 1530 lasciva,

430 1566 643 1631 caeca,
688 1550 901 1632 ebria,
950 1541 1244 1634 captivs,

430 1651 844 1717 immunditiae
890 1653 1161 1734 lagena,

429 1773 636 1838 quare
681 1754 971 1847 crederis
1019 1754 1325 1820 amoena?

428 1930 586 1997 Vita
631 1934 848 1997 mundi
891 1953 998 1998 res
1043 1935 1351 2018 molesta,

427 2036 567 2100 vita
608 2038 814 2120 turpis
860 2045 925 2100 et
968 2038 1244 2118 incesta,

430 2156 575 2204 cum
621 2139 711 2202 sis
758 2139 944 2203 nimis
988 2140 1364 2224 inhonesta,

426 2260 548 2307 cur
590 2261 694 2307 me
731 2244 986 2327 appetis
1032 2244 1322 2308 infesta?

428 2419 582 2486 vita
626 2419 844 2486 mundi
888 2440 996 2486 res
1038 2419 1365 2503 mendica,

426 2525 747 2608 impotens
792 2531 860 2587 et
900 2524 1251 2608 impudica,

424 2643 575 2691 cum
618 2626 706 2688 sis
750 2624 938 2690 bonis
982 2626 1269 2705 inimica,

426 2745 546 2792 cur
586 2744 690 2789 me
733 2726 902 2808 petis
945 2732 1018 2790 ut
1061 2726 1267 2790 amica
1286 2725 1323 2790 2

426 2904 583 2976 Vita
624 2911 842 2978 mundi
885 2931 994 2978 res
1038 2932 1291 2996 amara,

424 3013 623 3079 valde
668 3016 888 3080 brevis
934 3023 1001 3079 et
1042 3016 1304 3098 ignara,

424 3136 572 3182 cum
616 3118 705 3180 sis
749 3125 889 3182 tota
930 3117 1127 3202 plena
1174 3117 1356 3200 dolo,

420 3239 545 3287 cur
588 3222 654 3284 in
699 3228 765 3285 te
813 3223 1038 3286 vivere
1083 3223 1235 3287 volo
1255 3222 1291 3286 ‘³

423 3396 583 3463 Vita
623 3399 842 3464 mundi
887 3401 1062 3465 nulla
1105 3401 1268 3484 vita,

425 3499 492 3561 in
537 3518 825 3563 aerumna
870 3519 1126 3584 semper
1173 3503 1329 3584 sita,

420 3621 572 3668 cum
617 3611 687 3668 tu
730 3622 989 3687 semper
1031 3606 1359 3689 moriariS,

418 3705 584 3790 -quid
623 3706 690 3771 in
732 3726 835 3771 me
882 3716 1057 3772 stare
1106 3709 1414 3774 conaris?

418 3885 580 3951 Vita
622 3887 840 3952 mundi
881 3888 1085 3971 pestis
1130 3886 1325 3970 foeda,

416 3989 779 4055 animarum
821 4010 1002 4056 saeva
1043 3990 1300 4076 praeda,

416 4110 569 4157 cum
613 4095 702 4157 sis
746 4094 900 4159 mihi
942 4094 1196 4179 pondus
1240 4111 1481 4179 grave,

418 4212 505 4258 ne
548 4214 651 4260 me
696 4201 965 4279 tangas,
1010 4212 1279 4280 precor,
1325 4214 1505 4261 cave.

419 4359 660 4426 Desine
703 4362 853 4426 mihi
899 4362 1163 4445 placere
1178 4408 1197 4443 ,

423 4465 560 4527 noli
601 4463 755 4528 mihi
804 4464 1239 4547 congaudere,

418 4565 648 4632 desine
691 4586 796 4631 me
836 4570 1256 4650 conturbare,

415 4668 589 4750 noli,
635 4687 890 4752 quaeso,
935 4690 1039 4734 me
1083 4689 1320 4736 amare.

1601 803 1686 868 60

1599 1447 1683 1514 65

1599 2038 1683 2102 70

1594 2623 1677 2687 ’15

1586 3222 1674 3288 80

1588 3888 1673 3953 85

1591 4464 1676 4530 90

1777 483 1936 559 'Tua
1979 500 2214 560 cuneta
2255 495 2698 564 blandimenta

1790 601 2027 680 reputo
2072 597 2255 662 velut
2297 605 2616 665 tormenta
2629 649 2649 685 ,

1748 744 1757 751 -
1790 705 1861 763 et
1901 697 2147 765 idcirco
2190 720 2275 765 ne
2319 703 2409 765 sis
2453 703 2659 787 lenta,
2984 709 3063 773 95

1789 818 1894 865 me
1939 799 2213 885 dimitte,
2257 802 2688 871 fraudulenta.

1790 960 1994 1027 Tuum
2039 980 2318 1029 execror
2364 983 2647 1031 amorem
2660 1014 2679 1051 ,

1790 1070 1967 1129 tuum
2007 1081 2215 1130 renuo
2261 1065 2556 1131 favorem
2569 1115 2589 1150 ,

1787 1173 1966 1231 tuum
2009 1166 2249 1234 desero
2292 1188 2624 1254 saporem,

1788 1276 1967 1336 tuum
2010 1289 2142 1348 non
2186 1291 2331 1338 amo
2377 1274 2701 1340 decorem.
2933 1280 3050 1344 1oe

1786 1444 1936 1531 Ego
1980 1455 2048 1513 te
2088 1469 2414 1534 nunquam
2460 1454 2695 1518 amabo

1789 1557 1858 1615 et
1899 1552 1967 1617 in
2010 1559 2076 1616 te
2124 1572 2447 1637 nunquam
2491 1559 2815 1641 sperabo,

1787 1671 2051 1738 semper
2097 1666 2326 1722 contra
2369 1666 2436 1722 te
2479 1662 2795 1743 pugnabo
2812 1708 2834 1743 ‚

1787 1755 1876 1820 ad
1917 1762 1985 1820 te
2028 1776 2352 1840 nunquam
2397 1761 2879 1845 propinquabo.

1784 1935 1917 2001 Per
1958 1941 2025 2001 te
2067 1937 2278 2021 ipsam
2323 1948 2503 2004 certe
2539 1941 2736 2027 jnro,
3007 1947 3045 2009 5

1789 2039 1963 2104 dona
2007 2047 2121 2103 tua
2163 2040 2322 2105 nihil
2367 2060 2558 2127 curo,

1787 2140 1940 2224 quia
1981 2149 2173 2225 potes
2217 2143 2310 2206 nil
2354 2143 2599 2208 donare

1785 2243 1909 2308 nisi
1952 2263 2181 2330 poenas
2226 2254 2294 2311 et
2335 2247 2618 2331 plorare.

1746 2501 1750 2505 .
1785 2416 1968 2502 Ergo
1994 2403 2149 2484 ‘vita
2193 2420 2495 2504 taediosa,

1786 2536 1968 2584 amor
2010 2521 2230 2586 mundi
2271 2542 2380 2586 res
2425 2526 2778 2608 probrosa,
2965 2527 3050 2594 10

1786 2642 1903 2689 cur
1946 2623 2218 2690 sectaris
2261 2622 2614 2707 fugientem
2632 2674 2651 2708 ,

1785 2745 1901 2790 eur
1944 2742 2074 2790 non
2118 2728 2375 2811 spernis
2417 2735 2486 2792 te
2529 2732 3008 2812 spernentem?

1782 2903 1938 2969 Vita
1979 2905 2199 2970 mundi
2241 2909 2456 2971 carnis
2500 2925 2716 2992 amor,

1782 3018 2011 3076 contra
2054 3028 2245 3090 quam
2292 3018 2394 3075 est
2435 3029 2615 3076 meus
2659 3012 2949 3102 clamor,

1780 3129 1985 3193 quare
2027 3127 2156 3173 non
2199 3112 2683 3196 verecundaris,
2964 3118 3046 3181 15

1782 3232 1898 3278 cur
1939 3213 2207 3278 invitum
2244 3216 2636 3299 amplexaris
2649 3215 2687 3279 ἵ

1778 3391 2112 3462 Erubesce
2148 3395 2289 3480 jam
2333 3406 2401 3462 et
2446 3396 2638 3480 cede,

1779 3518 1820 3562 a
1864 3518 1968 3563 me
2011 3499 2198 3563 citius
2242 3499 2512 3582 recede,

1780 3607 1848 3663 et
1890 3603 1956 3666 ni
2002 3601 2200 3667 cedas
2245 3621 2388 3667 cum
2434 3621 2686 3687 amore,

1778 3711 1844 3767 te
1889 3704 2205 3788 repellam
2249 3724 2395 3770 cum
2439 3706 2686 3771 dolore.
2960 3711 3050 3774 2⁶

1777 3885 2025 3952 Pellam
2068 3894 2135 3951 te
2180 3887 2264 3950 de
2310 3885 2509 3951 corde
2552 3903 2702 3951 meo

1777 3989 2132 4075 adjuvante
2177 3990 2439 4055 Christo
2486 3990 2638 4072 deo,

1777 4112 1902 4158 nec
1943 4094 2312 4176 permittam
2357 4100 2422 4159 te
2467 4090 2725 4175 redire,

1778 4198 1836 4263 si
1879 4196 2156 4264 deberes
2200 4196 2483 4261 interire.

1776 4364 1877 4431 Ne
1923 4363 2194 4440 mireris,
2240 4361 2446 4446 pestis
2491 4358 2666 4441 dira,
2967 4364 3058 4429 25

1777 4469 1838 4530 si
1880 4474 1945 4531 te
1987 4485 2350 4550 persequar
2396 4482 2540 4529 cum
2581 4462 2712 4546 ira,

1777 4569 1931 4652 quia
1973 4567 2128 4631 mihi
2169 4576 2241 4632 tu
2284 4565 2528 4646 fecisti,

1781 4670 2093 4760 quidquid
2136 4671 2290 4736 mali
2331 4667 2617 4755 potuisti.
