3159 5259
2646 342 2777 409 289

134 534 302 602 Jam
344 533 720 599 thesaurum
756 551 983 600 resera
1524 530 1579 599 Ο
1627 533 1927 599 ooelestes
1981 532 2214 614 nuntii,

239 648 314 704 et
359 657 587 703 verum
633 658 868 704 manna
910 641 1091 724 plue,
1611 643 1975 721 praesentes
2020 635 2130 700 hio
2173 641 2382 699 estote

135 757 381 805 omnes
424 758 546 805 nos
591 742 969 809 confoedera
1523 741 1691 805 hora
1740 737 2040 803 sacrificii
2687 738 2770 800 35

242 843 579 908 dilectioni
622 850 772 908 tuae.
1332 843 1417 906 20
1613 861 1692 908 ao
1734 842 1940 905 nostri
1982 839 2402 904 mementote!

140 1003 322 1071 Mihi
366 1006 639 1090 primum
680 1008 957 1091 pauperi
1024 1110 1041 1126 ⁸
1522 1032 1749 1098 Deitas
1794 1031 2120 1112 altissima,

201 1210 218 1226 .
239 1127 343 1174 ⁸¹⁰
389 1108 471 1173 (¹0
516 1117 581 1174 ⁶0
626 1117 1044 1229 Praeffllfneflfl
1612 1143 1683 1199 tu
1727 1134 1914 1199 nobis
1959 1131 2428 1199 condescende.

143 1228 334 1294 Plflm
380 1230 636 1275 manum
681 1232 897 1297 apen,
1525 1234 1568 1276 ⁴*
1612 1235 1856 1319 (fehleu
1898 1237 1944 1301 2
1999 1233 2241 1316 Verso).

240 1313 615 1394 praesertim
657 1314 749 1375 nil
788 1313 1068 1378 habenti.

146 1471 343 1555 Non,
390 1489 431 1536 o
476 1473 640 1538 deus
682 1474 924 1558 optime
941 1522 958 1555 ‚
1333 1476 1372 1539 2
1379 1478 1418 1540 5
1527 1442 1901 1565 Salutarem
1944 1445 2285 1510 dexteram

247 1590 444 1654 quam
488 1573 637 1636 vffis
681 1574 831 1656 sim,
878 1573 1160 1660 attende,
1605 1568 1747 1635 Jam
1790 1567 1990 1634 super
2032 1566 2154 1614 nos
2200 1548 2499 1633 extende,
2692 1551 2778 1614 40

150 1672 281 1736 sed
328 1679 429 1754 tu,
476 1674 944 1757 amantissime,
1524 1658 1703 1717 11111111
1747 1651 2158 1716 amffl'ifffl'am

250 1792 448 1855 quam
484 1775 690 1840 bonus
737 1775 826 1839 sis
844 1824 862 1858 ,
912 1776 1200 1843 ostende·
1613 1770 1785 1819 nullo
1828 1754 2061 1819 faoifim
2106 1753 2394 1820 Ostende.

154 1936 279 2003 Me
327 1937 702 2023 despectum
746 1942 1070 2008 hominem
1524 1937 1704 2007 Ecce
1746 1959 1940 2024 quam
1984 1941 2281 2007 sublimia

253 2041 531 2124 dignare
576 2063 746 2111 nuno
792 2045 1018 2111 audire
1335 2047 1420 2110 30
1602 2041 1743 2125 jam
1790 2041 2267 2125 conjunguntur
2308 2042 2488 2124 imis,

154 2150 470 2227 tuamque
516 2146 923 2213 dulcedinem
1524 2145 1612 2211 ad
1654 2145 1803 2210 loca
1846 2146 2112 2211 humilia
2690 2149 2776 2212 45

245 2244 357 2310 fao
400 2246 588 2331 large
632 2250 1034 2334 praesentire.
1613 2268 1733 2311 rex
1776 2248 1954 2315 venit
1998 2267 2269 2333 magnus
2312 2249 2515 2314 nimis.

337 2428 432 2485 Hs.
468 2446 540 2486 zu
572 2432 844 2490 munchen
880 2433 1015 2493 clm.
1051 2434 1208 2489 3012.
1244 2429 1285 2490 f.
1321 2434 1403 2489 14.
1442 2435 1511 2489 15
1538 2432 1736 2490 Jahrh.

337 2552 407 2606 22
444 2551 521 2606 sit
561 2549 601 2608 f.
636 2554 720 2609 sio
754 2554 851 2611 Hs.

340 2669 408 2725 V.
448 2672 534 2727 18.
585 2673 746 2730 Auch
784 2675 887 2730 mit
920 2677 1117 2747 Bezug
1152 2672 1261 2731 auf
1287 2675 1387 2731 das
1421 2674 1630 2731 weisse
1664 2675 1869 2731 Manna
1915 2674 2123 2746 (Exod.
2161 2673 2246 2741 16,
2285 2674 2368 2727 14.
2418 2671 2547 2728 3011.
2584 2674 2635 2742 7,
2671 2673 2776 2743 31)

148 2772 358 2813 waren
392 2758 481 2813 die
518 2757 755 2815 Hostien
792 2767 933 2817 stets
968 2778 1085 2819 von
1120 2760 1468 2831 Weissbrot‚
1504 2758 1665 2837 ἄρτοι
1688 2759 2080 2839 λαμπρότατοι.
2122 2761 2339 2833 Greqor.
2366 2760 2496 2817 Naz.
2533 2765 2675 2818 orat·
2706 2762 2775 2815 19

154 2859 212 2916 p.
250 2843 374 2899 306.
444 2843 573 2916 Vgl.
601 2844 706 2902 No.
740 2849 865 2917 233,
902 2848 951 2902 9.

989 3148 1160 3222 226.
1220 3148 1406 3221 Post
1457 3147 1937 3221 elevationem.

158 3401 352 3482 Quod
393 3404 460 3468 in
505 3423 621 3470 ara
668 3405 986 3488 cernitur,
1523 3401 1793 3470 Omnem
1835 3402 1944 3470 hio
1988 3400 2301 3466 desidiam

243 3503 385 3589 jam
428 3513 632 3570 totum
676 3514 777 3570 est
821 3505 1134 3589 divinum,
1611 3516 1680 3572 et
1723 3506 2095 3591 scrupulum
2139 3507 2380 3571 erroris

156 3608 552 3674 deus-homo
598 3609 913 3694 ereditur,
1517 3617 1696 3676 tuam
1739 3629 1863 3695 per
1905 3608 2320 3694 praesentiam
2692 3612 2774 3675 15

251 3727 384 3776 non
426 3713 645 3796 panis,
687 3732 902 3797 neque
944 3713 1176 3778 vinum.
1606 3720 1681 3777 tu
1723 3712 1954 3795 procul
1995 3711 2169 3796 pelle
2214 3710 2392 3776 foris.

163 3894 350 3963 Siout
392 3897 522 3963 hoo
566 3900 878 3982 mysterio
1376 3902 1415 3963 5
1522 3898 1711 3978 Quod
1752 3899 1820 3963 in
1861 3899 2023 3964 meis
2067 3896 2363 3962 sensibus

248 4006 380 4062 tam
417 4017 608 4063 sacro
623 4047 642 4081 ‚
693 4008 825 4065 tam
871 4000 1090 4067 divino
1606 4000 1873 4066 carnale
1915 4001 2026 4064 vel
2070 4001 2416 4065 obscurum

158 4106 788 4172 transsubstantiatio
1519 4110 1654 4187 est,
1698 4103 1828 4168 hoe
1872 4103 1996 4167 tuis
2040 4103 2262 4167 usibus

250 4205 332 4271 de
375 4226 547 4290 pane
590 4206 664 4273 fit
714 4215 781 4272 et
822 4208 996 4290 vino,
1607 4205 1876 4271 ooeleste
1918 4204 2027 4270 fao
2072 4212 2140 4269 et
2180 4220 2430 4287 purum.
2689 4201 2774 4267 20

163 4394 275 4460 Me
319 4393 386 4458 in
431 4401 497 4457 te
542 4394 638 4459 sio
679 4392 878 4458 hodie
1518 4392 1803 4478 Propter
1843 4393 1973 4459 1100
2015 4392 2393 4475 mysterium

253 4503 629 4579 transmuta,
673 4495 837 4561 Jesu
884 4514 1068 4580 care,
1333 4498 1415 4561 10
1609 4516 1651 4561 a
1695 4494 1942 4561 cunetis
1988 4492 2418 4573 adorandum,

163 4607 364 4667 totum
406 4605 537 4664 tuae
572 4599 806 4683 gratiae
1520 4601 1589 4667 in
1636 4615 1763 4681 quo
1808 4615 1963 4680 spes
2008 4604 2110 4661 est
2153 4597 2430 4662 omnium

248 4722 353 4767 me
395 4701 560 4767 velis
607 4701 1033 4769 conformare.
1612 4710 1680 4768 et
1723 4701 1960 4767 donum
2003 4700 2461 4766 venerandum.

269 4832 435 4885 Mene,
467 4831 638 4880 lsteln.
672 4831 920 4890 Hymnen.
959 4831 1000 4877 1.
2271 4804 2356 4869 19
