3159 5259
341 303 475 370 248

342 507 476 555 non
522 486 829 571 gentilem
874 483 1290 566 indirectam,
1556 485 1597 546 5
1702 487 1772 545 ut
1816 480 1935 543 sim
1978 478 2150 543 malo
2194 480 2363 545 liber
2405 481 2559 564 igne
2886 486 2968 548 10

340 610 475 663 non
511 589 801 673 judaeam
845 586 1322 670 imperfectam,
1703 589 1770 645 et
1812 581 2058 644 intrare
2107 599 2341 662 queam
2378 582 2695 668 thronum,

341 696 753 757 sacramenta
797 705 1052 770 quoque
1097 685 1339 749 Christi
1701 683 1768 747 in
1815 701 1942 765 quo
1987 701 2258 766 regnas,
2305 702 2618 749 summum
2659 689 2938 773 bonum,

339 793 409 861 in
452 791 772 857 medelam
817 788 1189 870 condidisti,
1704 793 1925 869 pater,
1970 791 2152 866 nate,
2199 803 2455 852 sacrum
2499 788 2767 873 flamen,

340 914 619 979 quaeque
664 911 907 956 sumam
921 939 939 971 ,
986 889 1101 970 da,
1147 895 1280 953 tam
1323 887 1521 970 digne
1535 934 1553 971 ,
1704 903 1869 950 nnus
1915 883 2075 948 deus
2121 903 2407 970 semper,
2454 908 2660 953 amen.

522 1077 620 1134 Hs.
667 1094 738 1132 zu
782 1074 1110 1131 Darmstadt
1154 1074 1260 1129 No.
1296 1073 1451 1126 1077.
1502 1071 1602 1127 des
1650 1072 1721 1124 15
1756 1069 1955 1125 Jahrb.
2025 1069 2131 1124 Ein
2176 1068 2482 1141 gereimtes
2528 1071 2965 1142 strophenloses

340 1166 535 1226 (tebet.

519 1287 584 1342 V.
620 1288 671 1340 4.
729 1286 1004 1354 Quantum
1055 1284 1288 1355 quisque
1337 1284 1489 1336 amat
1537 1278 1837 1334 ecclesiam
1885 1279 2125 1347 Christi,
2190 1284 2403 1334 tantum
2467 1281 2643 1337 habet
2704 1281 2966 1351 spiritum

341 1377 611 1430 sanctum.
666 1372 929 1441 Auqustin.
977 1369 1035 1424 in
1086 1384 1289 1443 evang.
1324 1370 1453 1427 Joh.
1489 1371 1573 1423 32.
1624 1370 1658 1435 §
1695 1368 1745 1422 8.
1815 1366 2088 1438 Spiritum
2142 1366 2233 1420 dei
2287 1383 2399 1422 nou
2452 1374 2695 1439 possunt
2746 1368 2965 1422 habere

340 1458 598 1516 haeretici
634 1463 693 1512 et
729 1457 1039 1528 quicunque
1077 1473 1139 1510 se
1177 1457 1251 1511 ab
1289 1456 1531 1511 ecclesia
1564 1454 1893 1526 praecidunt.
1963 1455 2230 1523 Anqustin.
2266 1453 2322 1507 in
2360 1454 2384 1510 1
2419 1470 2505 1524 ep.
2531 1455 2658 1510 Joh.
2697 1459 2768 1509 tr.
2794 1455 2848 1522 6,
2880 1455 2964 1508 11.

521 1545 586 1599 V.
622 1546 658 1599 4
682 1545 809 1598 -6,
861 1544 1194 1598 Instruenda
1247 1549 1306 1599 et
1353 1541 1648 1598 animanda
1702 1546 1791 1596 est
1843 1536 2140 1594 infirmitas
2187 1540 2426 1595 hominis
2473 1541 2747 1596 adversus
2784 1547 2967 1596 tenta-

342 1632 530 1691 tiones
569 1636 627 1686 et
662 1630 949 1698 scandala,
987 1631 1107 1684 sive
1145 1627 1292 1686 foris
1330 1630 1452 1685 sive
1489 1630 1547 1683 in
1581 1630 1708 1700 ipsa
1746 1628 1896 1682 intus
1935 1628 2203 1683 ecclesia:
2241 1625 2386 1683 foris
2414 1629 2688 1684 adversus
2715 1630 2967 1701 gentiles

343 1719 442 1774 vel
476 1718 711 1775 Judaeos
745 1716 842 1771 vel
874 1717 1178 1772 haereticos
1194 1757 1210 1786 ,
1245 1716 1397 1772 intus
1435 1720 1624 1771 autem
1658 1715 1933 1770 adversus
1969 1728 2122 1769 arem
2149 1714 2443 1770 dominicae
2469 1714 2706 1787 paleam,
2755 1720 2967 1788 Auquse.

341 1806 415 1864 de
452 1807 664 1863 catech.
701 1804 819 1860 rud.
858 1807 942 1859 11.

520 1893 586 1947 V.
622 1893 672 1947 6.
737 1888 837 1948 οὐκ
872 1895 990 1948 ἔστι
1030 1890 1196 1967 λόγος
1231 1895 1424 1966 κυρίου
1462 1892 1540 1946 ἔτι
1574 1888 1634 1946 ἐν
1670 1884 1974 1950 Ἰουδαῖοις.
2024 1888 2264 1960 Oriqenis
2298 1888 2487 1943 homil.
2526 1890 2612 1958 1o,
2648 1891 2699 1944 t.
2771 1883 2803 1945 ὁ
2839 1885 2968 1951 νοῦς

344 1975 456 2033 τῶν
501 1978 735 2053 γραφῶν
770 1975 924 2053 ἤρθη
961 1976 1055 2033 ἀπ’
1094 1974 1303 2033 αὐτῶν·
1368 1974 1548 2034 οὐκέτι
1585 1974 1813 2041 σώζεται
1849 1972 2098 2050 διήγησις
2150 1979 2267 2051 παῤ
2302 1972 2489 2038 αὐτοῖς
2523 1974 2713 2048 νομικὴ
2752 1973 2790 2048 ἢ
2824 1996 2965 2052 προ-

344 2064 555 2138 φητικὴ,
593 2062 707 2120 ἀλλ’
745 2066 882 2122 εἰσιν
919 2060 1378 2136 ἀναγινώσκοντες
1412 2069 1504 2121 καὶ
1541 2063 1618 2135 μὴ
1658 2062 1920 2126 νοοῦντες.
1991 2063 2170 2130 Εὴωά.
2205 2063 2349 2118 hom.
2388 2066 2474 2132 14,
2512 2066 2595 2118 12.

798 2363 965 2439 190.
1039 2363 1293 2439 Oratio
1350 2364 1606 2439 devota
1653 2363 1746 2437 ad
1795 2364 2113 2462 spiritum
2163 2372 2500 2435 sanctum.

346 2545 728 2639 Septiformi
771 2568 1035 2617 munere
1705 2560 1776 2618 tu
1821 2552 1938 2615 des
1983 2551 2141 2615 felix
2178 2548 2545 2614 incendium

215 2662 224 2681 ¹
395 2640 638 2732 *tange
677 2661 955 2716 mentem
1002 2652 1379 2738 salubriter,
1790 2672 1987 2719 urens
2031 2659 2309 2716 mentem
2352 2650 2751 2734 medullitus,

343 2752 638 2819 immunis
683 2775 723 2820 a
768 2756 1019 2820 scelere
1707 2758 1823 2822 des
1871 2756 2108 2821 ardens
2151 2754 2543 2820 desiderium

433 2856 543 2938 sit,
591 2876 738 2938 quae
783 2865 959 2922 tacta
1001 2858 1323 2941 suaviter3
1793 2861 2175 2943 inspiratum
2213 2858 2537 2923 divinitus·

299 2948 310 2957 ’
343 2974 673 3041 nunquam
715 2970 931 3026 cesset
973 2969 1039 3025 te
1085 2979 1382 3042 quaerere
1558 2963 1599 3026 5

432 3068 500 3125 et
542 3063 872 3127 inventum
917 3064 1257 3129 sinceriter
1706 3050 1802 3115 Tu
1842 3049 1959 3113 des
2004 3070 2230 3114 veram
2266 3049 2557 3113 laetitiam
2875 3046 2960 3109 25

305 3181 608 3248 jemper
653 3175 905 3247 quaerat
951 3166 1256 3250 diligere,
1793 3151 2260 3216 0011301³fiva¹¹¹
2306 3150 2608 3231 tristium,

432 3269 771 3347 quiescens
815 3271 880 3333 in
927 3278 992 3333 te
1038 3269 1330 3334 dulciter.
1703 3262 1776 3318 tu
1818 3252 1935 3315 (1θῦ
1982 3250 2223 3314 Christi
2267 3251 2601 3315 Sssissfltiflm

1789 3355 2242 3419 illustrativam
2288 3354 2609 3419 cordium:

341 3451 526 3523 Tene
571 3464 849 3521 mentem
894 3457 1162 3523 interius
1704 3456 1821 3521 des
1864 3458 2213 3529 immundis,
2247 3459 2657 3542 munditiam,

427 3556 494 3619 in
539 3557 784 3622 salubri
830 3562 1212 3642 concordia,
1516 3563 1598 3626 10
1788 3560 1918 3622 vim
1961 3562 2375 3643 purgativam
2419 3560 2737 3642 sordium,
2874 3560 2960 3625 30

339 3655 551 3742 ipsam
594 3657 748 3720 leva
791 3660 1090 3742 superius
1702 3662 1820 3727 des
1866 3662 2133 3726 infirmis
2177 3665 2537 3747 potentiam

428 3760 514 3824 ad
558 3781 721 3826 vera
758 3762 865 3826 dei
909 3763 1184 3844 gaudia:
1787 3767 2250 3831 refrenativam
2285 3768 2535 3832 virium.

338 3883 501 3946 rege
547 3864 837 3946 linguam
882 3867 1200 3950 exteriuS,
2469 3880 2477 3891 “

426 3988 575 4052 quae
620 3973 874 4036 revelat
919 3972 1208 4055 eloquia,
1699 3954 1775 4021 In
1820 3953 1978 4019 fletu
2022 3954 2139 4017 des
2188 3954 2489 4018 SOlafium

337 4088 512 4153 pone
558 4090 786 4136 sensus
832 4073 1101 4136 inferius
1512 4077 1593 4138 15
1786 4059 2165 4122 inclusivum
2213 4057 2606 4139 dnloeffiflisa

425 4174 490 4237 in
535 4194 820 4260 superna
858 4176 1169 4242 custodia,
1696 4160 1763 4224 in
1800 4167 1963 4223 aestu
2007 4160 2420 4241 refrigerium
2875 4157 2960 4220 35

1785 4259 2205 4325 extinctivum
2251 4258 2553 4323 libidinis.

337 4356 437 4423 Tu
481 4361 571 4423 sis
614 4365 801 4428 nobis
848 4365 1198 4447 refugium,
1695 4363 1762 4426 in
1806 4363 1980 4427 bello
2027 4362 2143 4425 des
2190 4362 2498 4426 auxilium

423 4459 590 4523 sicut
635 4480 893 4547 semper
938 4485 1010 4528 es
1056 4467 1320 4548 solitus,
1783 4465 2190 4547 expulsivum
2235 4461 2627 4543 formidiniS,

336 4568 407 4628 tu
449 4563 539 4625 sis
584 4571 785 4628 tutum
829 4569 1236 4652 praesidium,
1695 4570 1763 4635 in
1806 4587 1973 4652 pace
2016 4569 2431 4651 privilegium

423 4666 674 4732 hostem
717 4671 1003 4753 repellas
1038 4674 1327 4756 penitus:
1503 4672 1591 4737 20
1783 4672 2222 4755 regulativum
2264 4668 2559 4737 hominis.
2873 4669 2966 4734 40
