3159 5259
344 301 479 367 rm

342 487 499 555 Ave
540 509 768 555 verum
812 506 1053 574 eorpus
1098 486 1339 554 Christi
1358 537 1377 572 ‚
1705 485 1833 552 hoe
1879 494 1974 569 te,
2019 486 2342 570 salvator,
2385 490 2752 574 poscimus,

347 593 522 678 quod
563 594 629 657 in
675 611 870 659 cruce
913 591 1287 677 pependisti
1705 589 1859 654 laxa
1901 591 2166 673 malum,
2213 590 2389 673 quod
2442 594 2792 678 gessimus,
2888 597 2990 660 35

426 714 553 780 pro
599 696 808 761 salute
852 697 1215 761 hominum:
1792 692 1967 776 patri
2010 710 2133 757 nos
2176 693 2472 759 concilia.

340 808 414 868 tu
458 799 769 866 sacerdos
813 801 878 863 in
916 807 1248 882 aeternum,
1517 800 1599 862 10
2395 875 2409 890 ·

343 924 428 968 ne
473 923 732 971 ruamus
769 904 856 969 ad
901 904 1252 986 infernum,
1703 870 1858 938 Ave
1901 880 2096 957 P⁰t¹1⁸
2141 874 2477 994 salutar-1⁵,
2546 978 2560 994 ι

431 1025 473 1070 0
516 1005 873 1090 plasmator
918 1005 1215 1070 omnium·
1704 976 1918 1043 nullus
1960 998 2241 1062 unquam
2286 979 2407 1045 furt
2449 979 2597 1046 talis

1366 1082 1379 1093 '
1791 1081 2098 1146 bonitatis
2142 1081 2366 1166 copia:

341 1180 496 1248 Ave
540 1183 732 1267 Jesu‚
778 1184 934 1248 vitae
977 1184 1167 1267 panis
1183 1232 1200 1267 ,
1703 1183 2015 1248 miserere
2057 1185 2279 1267 nobis,
2323 1182 2612 1268 Christe,
2881 1188 2983 1252 40

340 1287 573 1350 mentis
618 1287 800 1352 cibus
843 1303 972 1350 non
1018 1288 1247 1368 inanis,
1581 1276 1588 1283 ’
1705 1283 1841 1366 fac,
1889 1285 1974 1349 sit
2014 1284 2204 1350 nobis
2250 1286 2430 1351 rivus
2475 1288 2599 1350 iste

428 1391 675 1454 veritas
721 1397 914 1472 atque
949 1391 1092 1454 via:
1516 1392 1597 1453 15
1787 1393 2212 1470 peccatorum
2255 1387 2469 1452 venia.

343 1492 574 1558 adesto
621 1514 791 1559 nunc
834 1494 1154 1578 propitius

343 1604 410 1661 et
454 1617 575 1681 per
619 1605 686 1662 te
733 1598 1245 1681 supplicantibus

430 1702 633 1768 corda
676 1720 916 1768 sanans
960 1704 1201 1770 saucia.

1701 1562 1855 1630 Ave
1902 1567 2245 1652 splendor,
2291 1570 2564 1636 verbum
2607 1572 2850 1656 patris,

1703 1669 1827 1734 flos
1876 1677 1943 1733 et
1986 1671 2237 1738 fructus
2282 1681 2527 1741 nostrae
2568 1677 2814 1761 matria,

1789 1770 2030 1855 digitus
2077 1781 2274 1856 atque
2317 1774 2464 1840 dei:
2881 1780 2979 1844 45

337 1879 494 1947 Ave
537 1883 727 1968 panis
773 1884 1184 1970 angelorum,
1700 1895 1785 1939 ne
1829 1892 1950 1939 nos
1995 1878 2237 1960 perdas
2282 1880 2402 1947 sed
2445 1901 2729 1965 regnare

342 1982 550 2063 salus,
596 1984 734 2047 vita
778 1986 1186 2067 miserorum,
1510 1984 1594 2049 20
1699 1980 1809 2045 fac
1852 1985 1984 2044 tum
2028 1981 2182 2066 tuis,
2229 2002 2402 2066 agne
2449 2004 2622 2068 care,

430 2089 541 2171 qui
583 2095 915 2152 restauras
963 2090 1201 2153 omnia:
1785 2083 1852 2147 iu
1895 2085 2045 2150 loco
2080 2086 2355 2170 jubilaei.

341 2196 409 2253 tc
453 2188 844 2254 reformator
882 2208 1183 2254 sensuum

337 2291 511 2356 votis
555 2312 901 2377 precamur
944 2294 1267 2379 cordium,
1698 2259 1852 2327 Ave
1899 2280 2091 2328 mora
2135 2281 2293 2330 ⁰2²⁰
2341 2264 2446 2330 dei
2466 2314 2485 2350 2

423 2413 544 2459 nos
588 2395 834 2479 repleri
875 2397 1107 2479 grafia·
1697 2386 1821 2452 per
1866 2386 2057 2448 quam
2099 2368 2271 2433 salvi
2314 2367 2479 2435 fiunt
2520 2370 2621 2436 rei
2881 2374 2976 2437 50

1787 2489 1827 2534 a
1870 2472 2165 2554 peccatis
2211 2474 2537 2539 omnibus:

333 2571 488 2639 Ave
530 2572 741 2638 latens
786 2582 1226 2657 sacramento,
1506 2576 1590 2637 25
1696 2594 1929 2641 servos
1972 2585 2121 2643 tuos
2157 2578 2519 2662 redemisti,

337 2679 449 2760 qui
493 2686 742 2744 remoto
787 2680 1156 2744 velamento
1698 2679 1848 2745 dum
1893 2680 1960 2744 in
2007 2700 2203 2748 cruce
2247 2681 2620 2766 pependisti

424 2779 653 2845 rutilas
695 2781 762 2844 in
807 2781 1050 2863 gloria:
1785 2802 1968 2850 saeve
2013 2803 2157 2851 eum
2199 2786 2581 2852 latronibus,

336 2891 406 2948 te
451 2883 880 2968 deprecamur
923 2884 1283 2967 supplices,
1764 2961 1777 2974 ·

335 2994 410 3051 ut
453 3006 573 3052 nos
618 2990 700 3056 ab
747 2987 935 3052 hoste
979 2989 1220 3053 liberes
1696 2958 1826 3045 ΕΡ·
1871 2981 2107 3079 manni}
2151 2963 2485 3080 efflleflia'J2
2873 2968 2965 3029 55

425 3091 574 3155 coeli
617 3089 885 3154 tradens
931 3089 1189 3172 gaudia.
1504 3093 1592 3157 30
1699 3064 1786 3128 da
1827 3064 2042 3129 1⁰⁰¹²¹¹²
2085 3065 2508 3183 {adnlgennae

1783 3187 1907 3252 per
1949 3177 2182 3233 menta
2223 3178 2629 3236 sanctorum:

333 3267 489 3337 Ave
534 3287 723 3334 sacer
768 3268 1013 3337 Christi
1056 3275 1352 3357 sanguiS‚
1696 3278 1768 3335 ut
1812 3272 2014 3337 abluti
2049 3272 2430 3355 gloriemur,

338 3373 466 3436 iter
508 3374 697 3437 nobis
742 3384 989 3441 rectum
1034 3377 1268 3461 pandis
1700 3374 1979 3439 absoluti
2022 3391 2415 3440 coronemur

431 3474 517 3538 ad
566 3476 715 3541 coeli
759 3478 1017 3544 sedilia:
1785 3476 1852 3540 in
1897 3478 2100 3543 choro
2145 3479 2544 3561 angelorum.
2868 3480 2958 3544 60

513 3669 902 3725 Reichenauer
934 3672 1028 3729 Hs.
1063 3673 1170 3729 No.
1206 3674 1291 3729 36.
1339 3673 1423 3728 Bl.
1460 3675 1532 3728 42
1580 3673 1710 3742 (R).
1779 3670 1883 3726 Die
1932 3677 2086 3728 erste
2123 3673 2373 3747 Strophe
2422 3674 2575 3730 steht
2622 3674 2711 3729 als
2750 3674 2958 3730 beson-

335 3757 500 3813 detes
537 3756 717 3814 Gebet
751 3757 810 3812 in
846 3756 945 3813 der
978 3758 1076 3814 Hs.
1110 3776 1180 3813 zu
1214 3760 1414 3828 Mainz,
1452 3759 1647 3814 Karth.
1683 3760 1788 3815 No.
1817 3760 1922 3814 599
1958 3761 2043 3815 Bl.
2081 3763 2154 3815 26
2189 3779 2292 3818 aus
2329 3763 2454 3818 dem
2495 3766 2564 3818 14
2583 3763 2780 3819 Jahrb.
2816 3763 2960 3832 (M).

334 3845 534 3903 Dieses
584 3845 724 3901 Lied
770 3845 873 3902 hat
916 3847 1174 3901 mehrere
1209 3846 1670 3919 Bearbeitungen
1707 3844 2002 3916 erfahren,
2066 3847 2156 3904 die
2192 3855 2362 3905 unteu
2397 3847 2611 3922 fulgen.
2680 3850 2785 3905 Ein
2821 3849 2962 3904 selu·

333 3931 671 3989 verkiirzter
711 3934 943 4005 Auszug
978 3934 1132 3990 steht
1165 3935 1310 3990 auch
1346 3936 1441 3990 bei
1478 3935 1672 3991 Daniel
1705 3939 1753 4005 1,
1790 3936 1910 3991 344.
1946 3952 2049 3991 aus
2086 3936 2212 3992 dem
2246 3938 2521 3996 Hortalus
2559 3936 2774 3993 animae.
2836 3936 2956 3991 Das

332 4018 472 4075 Lied
504 4020 582 4076 ist
615 4037 682 4075 so
719 4020 1020 4094 angelegt,
1087 4022 1220 4078 dass
1260 4024 1544 4096 jedesmal
1591 4023 1681 4079 die
1730 4028 1884 4079 erste
1931 4021 2126 4081 flfflfte
2173 4024 2275 4080 der
2322 4023 2573 4096 Strophe
2623 4025 2731 4079 den
2777 4023 2957 4080 Gruss

333 4108 449 4162 und
483 4107 572 4163 die
610 4107 813 4163 zweite
851 4109 941 4163 die
977 4109 1127 4165 Bitte
1164 4111 1399 4167 enthiilt.

508 4236 546 4286 2
601 4231 958 4288 immaculata
1009 4233 1079 4288 M.
1178 4235 1213 4288 3
1266 4249 1373 4303 pro
1410 4232 1715 4304 redemptis
1752 4234 1806 4288 h.
1841 4233 1911 4290 Μ.
2009 4232 2083 4288 34
2130 4231 2357 4287 salvato
2404 4231 2466 4287 R.
2563 4233 2638 4286 36
2690 4236 2856 4304 pater
2888 4233 2958 4290 R.

336 4322 405 4373 41
445 4320 522 4374 sit
555 4321 669 4375 und
703 4321 813 4377 iste
850 4319 1043 4378 fehlen
1079 4321 1182 4376 der
1217 4321 1312 4377 Hs.
1339 4320 1389 4376 R
1422 4321 1536 4379 und
1571 4321 1699 4377 sind
1733 4337 1835 4377 aus
1871 4321 1982 4376 den
2016 4318 2470 4389 Bearbeitungeu
2506 4334 2853 4390 genonuneu.

511 4442 576 4496 V.
610 4444 659 4496 3.
708 4445 1032 4515 gewonlieh
1066 4447 1248 4502 θυσία
1286 4441 1531 4517 ἄμωμος.
1587 4445 1729 4505 Men.
1775 4447 1904 4501 Dec.
1953 4449 2004 4502 4.
2093 4445 2211 4502 Der
2265 4443 2600 4500 lateinisehe
2653 4445 2958 4503 Ausdruck

334 4527 431 4585 fiir
479 4528 580 4583 das
632 4529 948 4601 Messopfer
1000 4532 1294 4589 incruenta
1346 4533 1538 4588 hostia
1588 4533 1666 4588 ist
1728 4534 1872 4588 auch
1935 4533 2012 4588 im
2064 4531 2465 4589 Griechischen
2512 4532 2956 4605 gebrauohlich:

312 4615 670 4690 ,ἀναίμακτος
705 4622 900 4673 θυσία.
956 4619 1099 4674 Goar
1134 4636 1188 4690 p.
1222 4621 1343 4676 66⁰.
1379 4622 1497 4676 663.
1569 4620 1842 4677 Renaudot
1874 4623 1925 4691 1,
1961 4621 2047 4676 58.
2082 4621 2168 4674 61.
2205 4621 2290 4677 85.
2325 4621 2411 4676 88.

509 4703 576 4760 V.
613 4708 696 4763 12.
731 4705 1049 4778 plasmator
1084 4708 1342 4779 omnium,
1379 4704 1413 4764 ὁ
1448 4707 1836 4786 πλαστουργὸς
1870 4705 2052 4781 πάσης
2087 4712 2323 4773 κτίσεως.
2393 4708 2523 4767 Dec-
2549 4708 2636 4767 20.
