3159 5259
2656 268 2789 345 353

342 461 556 518 V.187
589 457 686 533 fig.
740 467 952 535 σειραῖς
987 455 1163 530 ζόφου
1198 457 1294 512 τὸν
1334 457 1607 531 δρακοντα
1645 454 1957 528 δεσμεύσας
1993 457 2048 511 ἐν
2080 456 2354 532 ταρτάρῳ.
2403 459 2549 514 Goar
2580 475 2632 531 p.
2665 460 2786 515 600.

169 552 381 621 Apocal.
415 551 516 618 20,
554 551 607 604 2.

345 636 412 691 V.
450 637 567 691 195.
621 632 898 705 Quidquid
930 631 1148 687 medico
1186 635 1387 687 nostro
1421 632 1684 702 penditur
1719 631 1978 700 Christo,
2026 631 2335 688 remedium
2367 637 2485 702 est,
2521 633 2787 704 quidquid

167 728 490 796 usurpatur,
524 721 948 781 incommodum.
1005 720 1241 775 Ambros.
1277 719 1348 773 de
1382 719 1590 791 virgin.
1622 722 1675 789 3,
1713 722 1766 774 5.

343 809 411 864 V.
445 810 566 864 205.
616 807 648 864 ό
683 806 926 881 καταβὰς
961 806 1052 861 ἐπὶ
1087 803 1191 878 γῆς
1227 805 1456 876 ἑκουσίῳ
1494 810 1740 875 πτωχείᾳ
1778 803 1872 859 διὰ
1911 805 2060 867 ἔλεος
2097 802 2255 859 πολύ.
2318 804 2564 861 Triodion
2596 806 2665 875 A,
2700 806 2752 861 6.

344 897 409 950 V.
445 897 566 951 209.
619 894 915 967 paradisus
951 894 1030 947 ist
1065 889 1158 946 oft
1191 891 1292 945 mit
1329 892 1532 946 coelum
1569 891 1819 946 einerlei.
1869 890 2204 961 Paupertati
2238 891 2501 946 saeculari
2535 891 2791 962 paradisi

168 985 399 1041 divitias
435 981 818 1055 praeferamus.
891 981 948 1036 S.
989 979 1238 1049 Cypriani
1273 994 1362 1073 ep.
1395 978 1469 1033 ad
1503 978 1793 1034 Fortunat.
1828 994 1881 1048 p.
1919 979 2038 1031 515.

342 1070 410 1124 V.
445 1072 568 1124 231.
620 1068 788 1124 Diese
823 1068 1170 1134 Benenuung
1206 1064 1285 1118 ist
1317 1063 1376 1117 in
1413 1064 1521 1118 den
1547 1063 1980 1119 Marieuliedern
2017 1061 2212 1135 hiiufig
2250 1063 2343 1117 bei
2380 1063 2487 1119 den
2513 1063 2792 1121 Griechen

164 1158 279 1212 und
312 1156 643 1225 Lateinern,
679 1155 772 1210 ich
807 1153 933 1206 will
968 1150 1075 1205 den
1113 1148 1306 1206 Grund
1342 1152 1655 1218 hersetzen‚
1696 1147 1935 1205 worauf
1962 1149 2048 1205 sie
2082 1151 2502 1227 beruht.25n1}p
2538 1151 2639 1215 τὰς
2676 1149 2787 1209 ἅνω

166 1248 543 1318 χοροστασίας
578 1240 793 1318 ᾔρθης,
828 1238 1088 1310 navarus,
1124 1233 1262 1308 μόνη
1297 1240 1555 1310 γενομένη
1591 1234 1764 1311 μήτηρ
1804 1235 1905 1291 τοῦ
1937 1236 2305 1311 παντουργοῦ.
2362 1238 2606 1295 Triodion
2640 1239 2705 1308 Ο,
2739 1242 2789 1293 2.

166 1328 240 1385 σύ
275 1328 383 1385 τῶν
420 1326 664 1403 ἀγγέλων
701 1323 947 1399 ἀνωτέρα
967 1365 983 1390 ,
1033 1318 1096 1378 ὄν
1131 1321 1241 1398 γὰρ
1279 1323 1469 1379 ἐκεῖνοι
1502 1326 1797 1397 τρέμουσιν
1832 1320 1909 1385 ὥς
1944 1323 2073 1395 θεῷ
2108 1320 2350 1380 ἀτενίσαι
2369 1365 2384 1393 ,
2421 1325 2493 1381 σὺ
2531 1323 2791 1400 ἀγκαλίζῃ

167 1416 246 1477 οἷς
279 1412 400 1469 ὖιόν
427 1432 545 1469 σου.
577 1413 706 1467 [bid.
729 1413 800 1480 X,
822 1413 870 1465 1.
916 1408 1014 1482 τὴν
1048 1409 1155 1465 τῶν
1192 1408 1441 1486 οὐρανῶν
1474 1406 1818 1486 ὑψηλοτέραν
1853 1412 1945 1464 καὶ
1980 1411 2248 1487 χερουβὶμ
2285 1407 2588 1489 ὑπερτέραν
2626 1411 2790 1489 κόρην

165 1499 457 1574 ὖμνοῦμεν.
517 1500 647 1554 Ῑϋιῗά.

345 1589 412 1644 V.
447 1589 570 1643 250.
623 1592 815 1643 tutum.
869 1587 1024 1643 Nihil
1059 1586 1207 1656 apud
1245 1585 1405 1640 deum
1443 1586 1619 1641 tutius
1656 1586 2024 1656 supplicante.
2083 1584 2284 1639 Ennod.
2321 1600 2444 1656 epp.
2483 1588 2533 1655 9,
2571 1588 2656 1642 30.

361 1675 428 1731 V.
462 1676 585 1729 265.
638 1691 899 1745 sponsus,
937 1674 1084 1728 nach
1117 1676 1153 1727 2
1193 1673 1328 1728 Kor.
1368 1674 1454 1740 11,
1488 1675 1538 1726 2.
1575 1673 1770 1728 Matth.
1807 1675 1857 1742 9,
1897 1675 1979 1727 15.
2015 1672 2249 1742 Apocal.
2287 1674 2338 1742 9,
2376 1676 2424 1728 7.
2458 1677 2547 1744 21,
2584 1677 2791 1731 9.’wo·

169 1765 272 1822 mit
325 1781 395 1819 zu
441 1761 806 1834 vergleichen
854 1761 1049 1819 Matth.
1098 1763 1199 1829 25,
1249 1763 1297 1814 1.
1367 1760 1772 1834 προσέλθωμεν
1808 1758 2039 1834 Χριστῷ
2076 1757 2153 1821 ὥς
2188 1764 2422 1833 νυμφίῳ.
2487 1762 2699 1818 Cosmus
2732 1763 2790 1819 in

165 1853 385 1923 pascha
419 1854 488 1905 st.
525 1852 607 1904 13.
660 1850 742 1905 Ist
774 1844 982 1920 haufig.
1055 1847 1113 1905 S.
1148 1848 1255 1903 No.
1290 1849 1413 1916 254,
1449 1849 1534 1900 21.
1590 1846 1715 1916 249,
1753 1847 1838 1912 79,
1881 1848 2007 1915 250,
2029 1848 2074 1899 1.

345 1937 413 1991 V.
449 1937 568 1992 300.
621 1933 729 1991 τῶν
764 1932 1109 2011 ἐγκλημάτων
1143 1932 1206 1989 τὸ
1243 1933 1388 2009 βαρὺ
1426 1930 1667 2007 φόρτιον.
1706 1932 1952 1988 Priodion
1986 1933 2053 2002 A,
2091 1929 2130 1988 f.
2170 1934 2218 1987 6.
2292 1930 2369 1997 οἷς
2404 1936 2553 2008 λίθῳ
2580 1935 2793 2013 βαρού-

167 2044 334 2099 μενος
367 2030 489 2086 ταῖς
523 2024 752 2085 πολλαῖς
780 2021 1093 2098 ἁμαρτίαις.
1143 2021 1269 2075 [bid.
1305 2020 1423 2088 RH,
1460 2021 1511 2074 3.

348 2108 414 2165 V.
449 2112 570 2165 314.
617 2108 924 2181 συνδεσμός
973 2104 1221 2173 ἀδικίας,
1289 2104 1597 2178 συνδεσμὸς
1644 2103 2072 2182 ἆμαρτημάτων.
2139 2108 2378 2178 Oriqenis
2424 2110 2615 2167 homil.
2651 2114 2703 2182 9,
2739 2114 2792 2168 4.

165 2199 318 2254 nach
351 2196 625 2253 Proverb.
661 2198 713 2264 5,
750 2198 836 2250 22.
874 2199 1054 2272 σειραὶ
1090 2194 1198 2252 τοῖν
1237 2192 1536 2270 ἅμαρτιῶν.
1591 2193 1652 2249 S.
1688 2194 1793 2249 No.
1830 2195 1920 2264 92,
1956 2196 2040 2249 18.

346 2282 413 2338 V.
449 2284 571 2338 337.
623 2282 906 2339 Mediator
939 2284 1089 2339 inter
1127 2284 1287 2339 deum
1325 2287 1385 2338 et
1419 2283 1585 2337 deum
1620 2297 1747 2336 esse
1783 2297 1896 2336 non
1923 2286 2138 2352 posset,
2176 2283 2309 2353 quia
2342 2299 2484 2340 unus
2521 2290 2610 2341 est
2635 2286 2790 2356 deus,

165 2372 429 2426 mediator
464 2375 638 2426 autem
671 2373 827 2425 unius
859 2386 969 2426 non
1004 2374 1082 2425 est
1114 2369 1266 2439 (Gal.
1302 2370 1354 2438 3,
1390 2370 1509 2437 20),
1548 2368 1681 2438 quia
1715 2366 1865 2422 iuter
1901 2367 2124 2438 aliquos
2161 2369 2375 2424 medius
2410 2377 2512 2426 est.
2582 2373 2793 2444 Angeli

162 2472 380 2530 porro,
452 2458 547 2528 qui
583 2472 699 2513 non
733 2455 881 2528 lapsi
918 2461 1050 2511 sunt
1097 2471 1134 2510 a
1171 2459 1480 2525 conspectu
1514 2454 1640 2523 dei,
1702 2453 2013 2509 mediatore
2049 2472 2165 2511 non
2204 2474 2348 2528 opus
2384 2458 2620 2530 habent,
2683 2475 2791 2531 per

164 2559 335 2617 quem
370 2543 826 2600 reconcilientur.
890 2544 1026 2599 item
1062 2541 1254 2614 angeli
1273 2582 1288 2611 ,
1325 2541 1421 2612 qui
1455 2541 1618 2596 nullo
1653 2540 1925 2595 suadente
1961 2545 2277 2612 spontanea
2311 2547 2791 2614 praevaricatione

165 2632 259 2689 sic
294 2630 446 2701 lapsi
481 2634 612 2685 suut
629 2670 643 2698 ,
680 2645 786 2701 per
820 2630 1190 2685 mediatorem
1224 2645 1337 2684 non
1375 2627 1831 2684 reconciliantur.
1894 2634 2080 2685 restat
2113 2647 2259 2704 ergo
2274 2674 2288 2700 ,
2324 2637 2415 2703 ut,
2452 2633 2547 2704 qui
2583 2634 2794 2690 media-

163 2723 302 2775 tore
336 2716 585 2787 superbo
622 2716 854 2773 diabolo
891 2715 1214 2786 superbiam
1248 2715 1520 2771 suadente
1558 2716 1816 2787 dejectus
1853 2721 1956 2784 est,
1993 2719 2305 2776 mediatore
2341 2722 2537 2777 humili
2564 2723 2793 2780 Christo

165 2807 544 2864 humilitatem
571 2806 948 2876 persuadente
976 2805 1251 2875 erigatur.
1301 2803 1446 2859 Nam
1482 2804 1531 2858 si
1567 2800 1720 2858 filius
1758 2802 1847 2857 dei
1884 2803 1941 2857 in
1978 2807 2223 2862 naturali
2250 2809 2575 2878 aequalitate
2610 2811 2794 2880 patris

165 2910 401 2953 manere
437 2893 630 2962 vellet,
666 2908 779 2949 uon
817 2898 969 2949 esset
1001 2892 1281 2947 mediator
1319 2892 1411 2946 dei
1448 2897 1507 2947 et
1541 2891 1841 2960 hominum,
1887 2892 2018 2961 quia
2052 2894 2178 2964 ipsa
2215 2896 2441 2950 trinitas
2475 2912 2618 2951 uuus
2653 2897 2792 2953 deus

167 2986 278 3038 est.
347 2980 447 3037 Sic
483 2981 673 3050 itaque
708 2980 905 3035 unicus
939 2977 1092 3035 filius
1129 2978 1221 3034 dei
1246 2979 1525 3035 mediator
1562 2978 1655 3034 dei
1682 2984 1742 3034 et
1765 2980 2048 3035 hominum
2074 2980 2259 3037 factus
2286 2985 2390 3051 est,
2425 2987 2490 3038 ut
2513 2984 2795 3041 mediator

168 3073 329 3125 esset
361 3068 512 3123 inter
547 3067 709 3121 deum
745 3071 803 3121 et
839 3068 1092 3122 homines
1128 3068 1300 3124 homo
1337 3083 1441 3138 per
1477 3068 1640 3122 deum
1677 3066 1826 3123 ultra
1863 3068 2132 3123 homines.
2198 3071 2465 3139 Auqioetin.
2502 3070 2560 3125 in
2596 3086 2679 3142 ep.
2716 3072 2792 3129 ad

169 3158 296 3215 Gal.
331 3159 364 3226 8
399 3158 485 3212 24.
537 3155 596 3211 S.
634 3156 739 3211 No.
777 3158 862 3223 11,
899 3158 984 3210 57.
1022 3157 1075 3224 4,
1111 3156 1160 3210 6.
1244 3155 1401 3224 coeli,
1456 3156 1546 3210 ein
1582 3152 2003 3225 mangelhafter
2037 3154 2365 3225 Ausdruck,
2428 3157 2531 3211 der
2565 3155 2795 3215 freilich

175 3243 448 3303 dasselbe
484 3243 763 3299 bedenten
799 3242 917 3298 soll
950 3243 1063 3298 wie
1097 3248 1318 3316 μεσίτης
1352 3242 1500 3299 θεοῦ
1526 3246 1618 3298 καὶ
1654 3239 1991 3318 ἀνθρώπων.
2049 3242 2162 3297 Jul.
2196 3246 2285 3298 27.

351 3331 417 3387 V.
464 3333 585 3385 347.
620 3332 739 3386 348.
805 3328 1080 3385 Diabolus
1133 3330 1208 3385 ad
1262 3330 1528 3386 solatium
1579 3329 2177 3386 malevolentissimum
2230 3333 2605 3390 damnationis
2652 3349 2790 3404 suae,

169 3437 299 3478 cum
339 3419 540 3492 quibus
578 3419 885 3489 damnetur,
920 3419 1170 3490 inquirit.
1221 3421 1487 3491 Λαμπετίη.
1525 3422 1596 3478 de
1636 3421 1847 3475 catech.
1882 3419 2003 3475 rud.
2037 3421 2123 3475 48.

353 3525 421 3579 V.
455 3526 575 3580 361.
629 3524 782 3580 vitis.
834 3524 1113 3581 Hieriiber
1161 3529 1296 3596 sagt
1344 3525 1579 3581 Clemens
1625 3526 1780 3579 Alex.
1815 3523 2033 3597 paedag.
2087 3527 2137 3593 1,
2172 3526 2223 3578 5.
2271 3525 2404 3579 sehr
2439 3528 2571 3596 gut.
2634 3526 2791 3599 φέρει

168 3606 322 3672 οινον
358 3611 393 3684 ἦ
409 3609 691 3715 ,αμπελοςῃ
729 3631 804 3674 ως
836 3610 973 3683 αἷμα
1011 3609 1042 3667 ό
1081 3608 1274 3687 λόγος·
1309 3632 1477 3684 αμφω
1515 3612 1577 3667 δὲ
1617 3607 1947 3687 ἀνθρώποις
1982 3631 2154 3668 ποτον
2190 3613 2266 3675 εἰς
2302 3616 2587 3686 σωτηρίαν,
2622 3607 2656 3666 ὁ
2689 3609 2791 3681 μὲν

167 3694 324 3764 οἶνος
357 3698 438 3772 τῷ
472 3698 841 3773 σώματι,τό
884 3698 944 3754 δὲ
981 3696 1121 3772 αἷμα
1155 3697 1234 3772 τῷ
1268 3697 1554 3772 πνεύματι.
1625 3700 1727 3754 Als
1763 3699 2173 3755 Wunderbarer
2208 3698 2383 3752 Wein
2431 3695 2578 3750 wird
2614 3694 2792 3750 daher

166 3789 323 3847 auch
358 3789 612 3846 Christus
651 3786 995 3864 ἀγεωργητος
1030 3786 1233 3865 βότρυς
1268 3793 1544 3862 gemunt,
1582 3788 1827 3847 modion
1861 3789 1925 3857 T,
1960 3790 2011 3842 3.
2067 3787 2117 3841 d.
2153 3787 2188 3843 i.
2225 3786 2317 3840 ein
2353 3783 2641 3850 Trauben,
2679 3780 2792 3835 don

165 3876 308 3932 kein
361 3876 639 3932 irdischer
685 3877 1100 3949 Weingiirtner
1163 3870 1447 3947 gepflanzt
1494 3875 1595 3931 hat
1613 3916 1628 3945 ,
1691 3875 1941 3931 sondern
1994 3875 2115 3929 sein
2168 3871 2549 3927 himmlischer
2598 3867 2793 3923 Vater.

166 3962 304 4021 Joh.
342 3965 426 4031 15,
464 3966 512 4016 1.

354 4063 421 4118 V.
456 4065 577 4119 380.
613 4066 734 4119 381.
789 4066 975 4122 Aliter
1010 4065 1208 4136 Adam,
1245 4066 1413 4123 aliter
1447 4066 1586 4135 Eva,
1621 4067 1793 4123 aliter
1818 4068 1982 4136 Abel,
2018 4067 2188 4123 aliter
2223 4066 2394 4119 homo
2427 4062 2595 4118 Jesus
2631 4057 2795 4115 Chri-

167 4156 333 4221 stus3
397 4158 456 4207 et
503 4152 560 4207 in
610 4152 866 4208 omnibus
915 4153 1157 4211 diversis
1194 4153 1440 4210 exordiis
1487 4170 1600 4210 una
1635 4154 1875 4211 hominis
1911 4161 2114 4211 natura
2150 4168 2266 4208 non
2303 4147 2505 4207 differt.
2575 4146 2790 4203 Hieron.

170 4240 307 4300 adv.
343 4239 471 4296 Joh.
506 4239 690 4295 Jeros.
727 4242 812 4294 32.
2472 4247 2491 4265 ’

351 4324 417 4380 V.
450 4328 573 4381 499.
608 4322 832 4383 bezieht
866 4328 987 4383 sich
1024 4325 1130 4383 auf
1154 4329 1284 4385 Joh.
1311 4322 1372 4397 ι8,
1408 4330 1523 4396 29.,
1561 4328 1831 4384 woriiber
1866 4329 2130 4397 Anqustin.
2164 4324 2222 4380 in
2261 4339 2347 4380 ev,
2382 4322 2509 4379 Joh.
2548 4321 2647 4390 40,
2683 4321 2717 4387 8
2752 4320 2789 4375 6

165 4418 326 4486 sagt,
361 4414 515 4469 misit
546 4420 711 4485 pater
743 4411 936 4485 fllium,
970 4415 1074 4470 sed
1107 4432 1220 4472 non
1257 4416 1494 4473 recessit
1528 4432 1564 4471 a
1598 4414 1749 4485 fili03
1786 4431 1900 4471 non
1929 4414 2090 4483 enim,
2128 4428 2241 4483 quo
2268 4410 2419 4467 misit
2444 4406 2638 4477 filium,
2674 4423 2789 4462 non

162 4501 257 4560 ibi
291 4505 422 4555 erat
453 4505 634 4570 pater.
670 4500 921 4567 Ejusdem
955 4501 1113 4573 epist.
1146 4505 1264 4571 170,
1293 4505 1343 4559 5.
1394 4501 1621 4558 trinitas
1649 4503 1812 4558 unius
1841 4508 1931 4558 est
1967 4501 2330 4575 ejusdemque
2365 4502 2585 4553 naturae
2619 4498 2793 4564 atque

164 4586 506 4645 substantiae
522 4627 537 4656 ,
593 4602 708 4642 non
741 4586 927 4643 minor
973 4587 1030 4644 in
1067 4590 1335 4663 singulis,
1398 4607 1563 4662 quam
1599 4592 1658 4646 in
1694 4591 1947 4648 omnibus
1965 4632 1980 4661 ,
2045 4606 2148 4645 nec
2185 4588 2374 4662 major
2422 4587 2481 4641 in
2517 4583 2791 4654 omnibus,

166 4690 344 4749 quam
393 4674 449 4729 in
486 4674 756 4747 singulis3
828 4675 928 4731 sed
965 4682 1126 4735 tauta
1169 4678 1230 4732 in
1264 4677 1394 4734 solo
1429 4684 1594 4750 patre
1613 4720 1628 4749 ,
1693 4678 1789 4736 vel
1824 4680 1879 4735 in
1915 4678 2046 4735 solo
2083 4674 2238 4747 filio,
2287 4678 2500 4746 quanta
2533 4671 2592 4727 iu
2625 4676 2813 4742 patre·

267 4792 443 4846 Mons.
473 4789 642 4839 lateln.
673 4793 919 4849 Hymnen.
982 4798 1021 4842 1.
2287 4771 2374 4835 23
