3159 5259
349 297 478 364 152

524 477 588 533 V.
624 479 672 533 3.
725 472 847 532 flos.
901 475 1035 531 Dies
1088 475 1237 530 wird
1285 474 1561 529 erlautert
1611 472 1785 527 durch
1833 469 2103 543 folgende
2151 471 2332 528 Stelle
2379 471 2481 527 des
2529 471 2580 526 h.
2617 471 2856 526 Ambros.
2895 469 2969 525 de

349 563 554 636 spiritu
588 581 633 619 s.
665 566 717 618 2.
753 578 799 618 c.
837 566 885 617 5.
938 562 1074 619 Flos
1104 561 1337 618 odorem
1374 577 1533 616 suum
1570 564 1630 615 et
1665 559 1917 616 succisus
1952 564 2215 615 reservat
2241 564 2301 614 et
2328 559 2602 614 contritus
2629 558 2973 625 accumulat,

346 666 452 707 nec
497 649 731 706 avulsus
768 648 1001 719 amittit3
1062 649 1143 703 ita
1188 654 1249 703 et
1282 648 1535 704 dominus
1570 647 1740 703 Jesus
1788 646 1845 702 in
1883 646 1988 701 illo
2023 646 2281 717 patibulo
2318 646 2503 701 crucis
2539 661 2644 701 nec
2678 647 2967 702 contritus

346 737 634 806 emarcuit,
669 752 774 793 nec
809 736 1041 792 avulsus
1076 735 1321 805 evanuit,
1356 740 1415 791 et
1449 734 1552 789 illa
1589 735 1802 790 lanceae
1838 735 2140 806 punctione
2167 734 2417 789 succisus
2446 749 2615 789 sacro
2644 733 2970 805 speciosior

347 822 462 882 fusi
496 824 721 881 cruoris
758 823 956 880 colore
992 823 1267 879 vernavit.

526 910 590 966 V.
627 912 709 965 13.
764 909 936 982 νόμου
971 908 1268 985 πληρωτής.
1338 910 1481 965 Men.
1517 910 1591 965 ib.
1629 912 1712 964 16.

523 995 590 1052 V.
623 998 709 1052 28.
763 993 1198 1068 transfiguratus
1233 999 1377 1052 nach
1413 996 1539 1052 dem
1576 996 1967 1069 griechischen
2003 998 2490 1072 μεταμορφωθεὶς.
2560 995 2703 1067 Aug.
2739 996 2791 1049 5.

518 1083 585 1140 V.
621 1084 708 1139 8⁰.
756 1085 1125 1155 sempiternus
1160 1090 1359 1155 status,
1396 1084 1710 1141 deutlicher
1746 1083 2098 1143 ἀδιάσειστον
2134 1087 2377 1159 ἔρεισμα.
2446 1083 2592 1152 Aug.
2629 1084 2675 1136 1.

528 1291 716 1351 Ueber
751 1291 938 1347 dieses
973 1292 1110 1347 Lied
1157 1293 1309 1348 steht
1355 1293 1480 1348 eine
1515 1293 1753 1366 Predigt
1799 1292 1856 1348 in
1910 1295 2068 1349 einer
2114 1293 2318 1364 Perg.-
2335 1292 2430 1348 Hs.
2478 1292 2576 1347 des
2611 1291 2974 1347 Karlsruher

349 1378 591 1437 Archiv-s
627 1378 711 1434 Bl.
744 1380 851 1435 283
888 1395 1019 1435 vom
1053 1379 1196 1435 Jahr
1234 1381 1399 1449 1450,
1436 1380 1658 1436 welche
1698 1381 1936 1437 beweist
1957 1423 1971 1451 ,
2016 1382 2149 1436 dass
2186 1396 2249 1437 es
2285 1380 2539 1436 ziemlich
2574 1380 2825 1435 bekannt
2859 1378 2980 1434 und

350 1465 752 1540 gebrauchlich
804 1483 942 1523 war.
1015 1469 1128 1523 Der
1163 1467 1439 1540 Prediger
1486 1464 1588 1524 hat
1621 1485 1684 1523 es
1724 1469 1862 1525 aber
1898 1468 2030 1525 sehr
2063 1469 2372 1525 vera‘indert
2418 1467 2530 1524 und
2564 1466 2975 1535 iiberarbeitet,

353 1554 501 1610 denn
548 1571 612 1610 er
660 1560 793 1627 sagt
827 1554 1100 1610 dariiber:
1164 1570 1235 1610 ex
1268 1555 1457 1611 multis
1492 1571 1676 1627 pauca
1711 1556 1925 1628 collegi
1943 1596 1959 1625 ‚
2022 1556 2081 1612 in
2114 1556 2448 1629 imaginaria
2482 1555 2721 1626 quadam
2755 1554 2975 1610 arbore

355 1634 451 1699 sic
477 1640 736 1698 ordinavi
781 1647 949 1713 atque
1004 1642 1258 1712 disposui
1303 1648 1367 1699 ut
1417 1643 1476 1698 in
1528 1642 1713 1714 prima
1764 1649 1824 1699 et
1873 1641 2063 1699 infima
2095 1660 2380 1700 ramorum
2412 1643 2588 1715 ipsius
2623 1641 2975 1713 expansione

356 1729 667 1785 salvatoris
703 1728 872 1800 origo
908 1728 1260 1784 describatur
1296 1734 1356 1785 et
1389 1730 1511 1786 vita
1550 1730 1608 1786 in
1643 1730 1852 1800 media,
1889 1731 2083 1803 passio
2121 1737 2181 1788 et
2213 1727 2560 1804 glorificatio
2596 1731 2653 1785 in
2691 1743 2976 1800 suprema·

355 1821 418 1874 et
450 1817 509 1872 in
542 1815 727 1889 prima
763 1815 983 1886 quidem
1023 1832 1306 1873 ramorum
1353 1817 1503 1873 serie
1551 1823 1793 1888 quatuor
1841 1819 2177 1875 altrinsecus
2214 1819 2516 1874 secundum
2549 1816 2844 1888 alphabeti
2876 1833 2979 1874 or-

356 1903 541 1959 dinem
575 1907 855 1974 ponentur
890 1903 1179 1972 versiculi,
1215 1903 1472 1959 similiter
1505 1905 1565 1959 in
1603 1904 1850 1960 secunda
1884 1911 1940 1961 et
1977 1906 2167 1977 tertia,
2207 1939 2271 1949 —
2311 1912 2373 1962 ut
2406 1907 2489 1962 sic
2524 1906 2638 1962 sint
2672 1906 2838 1977 quasi
2871 1905 2982 1964 xn

352 1986 865 2152 ruffi-ffirffnm
900 1994 1001 2050 XII
1034 1991 1254 2050 fructus
1283 1995 1452 2069 juxta
1485 1996 1814 2067 mysterium
1849 1996 1994 2072 ligni
2029 1998 2176 2053 vitae.
2248 1996 2344 2054 Ich
2378 2002 2530 2053 setze
2567 1996 2721 2052 diese
2756 1997 2979 2055 Ueber-

352 2091 421 2134 ar
459 2093 515 2133 οι
731 2093 822 2133 er:

613 2239 993 2308 Fasciculus
1043 2240 1349 2324 myrrhae.
1843 2246 1922 2314 IL
1980 2246 2078 2312 De
2124 2234 2456 2332 mysterio
2479 2245 2822 2331 passionis.

492 2375 541 2434 0
578 2392 734 2446 crux,
776 2373 965 2431 frutex
999 2372 1315 2446 salvificus,

566 2463 703 2519 vivo
739 2461 900 2518 fonte
938 2463 1190 2534 rigatus,

498 2551 663 2624 cujus
699 2546 807 2606 flos
846 2551 1190 2606 aromaticus

564 2636 784 2695 fructus
821 2637 1192 2694 desideratus.

1856 2399 2060 2456 Jhesus
2097 2398 2232 2456 dolo
2269 2384 2621 2455 venundatus
2636 2437 2650 2466 ‚

1926 2486 2131 2543 Jbesus
2168 2502 2339 2543 orans
2373 2491 2727 2557 prostratus,

1855 2576 2061 2633 Jbesus
2097 2576 2265 2631 turba
2302 2576 2703 2644 circumdatus,

1926 2665 2135 2721 Jhesus
2171 2663 2373 2718 vinclis
2407 2663 2634 2735 ligatus.

531 2788 581 2859 Ι.
638 2789 1024 2874 Mysterium
1068 2788 1441 2853 nativitatis,

1857 2838 2063 2895 Jbesus
2098 2839 2248 2895 notis
2283 2839 2632 2911 incognitus,
2903 2838 2981 2891 25

496 2925 703 2984 Jbesus
739 2942 809 2981 ex
845 2926 954 2981 deo
989 2925 1214 2997 genitus
1228 2964 1243 2995 ,
1578 2926 1613 2978 5
1927 2924 2131 2981 Jhesus
2168 2925 2328 2981 vultu
2363 2925 2586 2980 velatus
2602 2966 2616 2994 ‚

643 3016 848 3072 Jbesus
882 3014 1313 3089 praefiguratus,
1857 3012 2064 3068 Jhesus
2101 3013 2290 3068 Pilato
2327 3012 2593 3083 traditus,

499 3106 708 3162 Jhesus
744 3107 980 3163 emissus
1018 3108 1268 3175 coelitus,
1927 3104 2136 3160 Jhesus
2171 3108 2354 3159 morte
2391 3103 2698 3158 damnatus.

571 3193 777 3249 Jbesus
812 3194 1008 3250 Mariae
1043 3199 1225 3249 natus.

500 3314 703 3371 jhesus
747 3313 1054 3372 conformis
1088 3315 1365 3386 Patribus,
1857 3277 2064 3334 Jhesus
2100 3281 2325 3378 spretus
2361 3277 2436 3331 ab
2473 3276 2755 3345 omnibus,

571 3401 777 3457 dhesus
810 3403 992 3474 magis
1027 3406 1391 3472 monstratus,
1546 3402 1618 3456 10
1932 3365 2156 3466 'hanff
2175 3380 2327 3420 cmm
2362 3365 2648 3464 clavatfffi’
2905 3363 2983 3418 3⁰

505 3486 713 3546 Jbesus
747 3488 1054 3544 submissus
1088 3489 1312 3561 legibus
1328 3528 1343 3559 ,
1860 3454 2066 3510 Jh⁰⁸¹¹⁸
2100 3459 2322 3508 *uncum
2355 3452 2673 3508 latmmbu'
2688 3490 2703 3520 ’

574 3575 779 3631 Jhesus
815 3591 997 3647 regno
1034 3574 1282 3648 fugatus.
1930 3542 2135 3598 'numm
2174 3539 2310 3596 s⁰u⁰
2345 3546 2590 3611 Ρωπω·

499 3698 706 3756 Jhesus
740 3699 995 3770 baptista
1028 3700 1294 3771 coelicus,

571 3787 776 3844 Jbesus
813 3788 976 3843 hoste
1014 3794 1344 3859 temptatus,

501 3875 707 3933 Jbesus
743 3876 923 3952 signis
958 3873 1226 3932 mirificus
1248 3916 1263 3945 ,
1548 3878 1616 3931 15

571 3963 779 4020 Jhesus
816 3959 1267 4034 transfiguratus.

1860 3715 2066 3773 Jhesus
2101 3715 2192 3771 sol
2226 3720 2408 3771 morte
2443 3712 2718 3784 pallidus,

1931 3804 2136 3860 Jbesus
2175 3803 2652 3870 translanceatus,

1861 3892 2065 3948 Jbesus
2104 3905 2304 3946 cruore
2340 3888 2620 3956 madidus,
2908 3888 2981 3943 35

1932 3979 2136 4036 dhesus
2173 3976 2551 4033 intumulatus.

501 4086 707 4142 Jhesus
742 4091 943 4157 pastor
978 4084 1285 4153 sollicitus,

574 4174 780 4231 Jhesus
815 4171 951 4230 fletu
985 4173 1234 4247 rigatus,

506 4256 710 4314 Jhesus
745 4276 846 4316 rex
881 4261 1035 4317 orbis
1073 4259 1328 4333 agnitus,

574 4345 779 4403 Jhcsus
817 4351 978 4420 panis
1014 4355 1287 4407 sacratus.
1543 4348 1618 4403 20
1789 4428 1794 4431 ι
1860 4345 2065 4403 Jhesus
2102 4345 2447 4416 triumphans
2483 4342 2749 4412 mortuis,

1790 4180 1899 4249 m
1958 4183 2342 4266 Mysterium
2389 4181 2908 4247 resurrectionis.

540 4545 676 4600 Hier
728 4545 916 4602 bricht
964 4547 1065 4602 der
1100 4547 1243 4603 Text
1289 4547 1661 4604 unvollendet
1708 4548 1810 4616 ab,
1873 4547 1948 4602 da
1995 4549 2182 4623 einige
2219 4547 2442 4604 Blatter
2490 4546 2592 4601 der
2626 4545 2721 4600 Hs,
2766 4540 2985 4601 fehlen.

362 4633 527 4693 Diese
563 4633 944 4707 Bearbeitung
978 4634 1155 4707 hange
1190 4637 1386 4692 besser
1412 4653 1729 4693 zusammen
1763 4635 1850 4694 als
1888 4636 1978 4692 die
2020 4641 2171 4693 erste
2207 4635 2321 4691 und
2356 4637 2445 4692 die
2481 4631 2812 4690 Ausdriicke
2848 4632 2982 4689 sind

369 4720 495 4779 dem
528 4721 875 4781 Lebenslauf
903 4722 1116 4784 Christi
1149 4738 1401 4798 genauer
1434 4729 1759 4800 angepasst.
1828 4724 1950 4788 Den
1984 4724 2050 4782 V.
2086 4726 2120 4784 9
2166 4723 2391 4783 bezieht
2425 4723 2528 4783 der
2561 4720 2842 4797 Prediger
2879 4718 2996 4779 auf
