3159 5259
344 455 498 523 Ave
540 458 708 540 legis
756 456 1087 538 conditor,

429 564 551 627 sub
597 562 748 644 lege
795 561 1248 642 circumcisae,

348 665 458 747 qui
499 685 622 747 per
673 684 894 729 semen
938 662 1242 730 Abrahae
1390 665 1474 727 35

433 766 765 832 redemtor
811 789 884 832 es
930 769 1256 851 provisus,

347 933 502 1013 Ave,
550 937 652 998 cui
693 950 961 998 munera

430 1036 558 1098 tres
603 1051 780 1116 reyes
818 1032 1032 1116 ferunt
1074 1036 1214 1113 tria,

344 1153 524 1218 quem
564 1154 770 1216 reqom
822 1154 1011 1219 super
1053 1138 1265 1201 sidera

431 1236 710 1319 [alentur
752 1243 957 1303 mente
993 1242 1128 1320 pia.
1387 1237 1476 1299 40

214 1451 296 1520 Π.
349 1453 511 1533 Ave,
556 1470 736 1534 quem
772 1470 1091 1535 puerpera

430 1558 500 1619 in
544 1554 836 1636 templum
872 1556 1300 1636 praesentavit,

349 1676 532 1739 quem
572 1661 640 1722 in
684 1656 871 1721 ulnas
914 1657 1184 1739 Symeon

437 1759 793 1842 complemus
823 1762 1202 1842 proedicavit.

346 1921 502 1990 Ave
515 1969 555 2007 ,«
584 1923 694 2004 qui
739 1923 933 1987 exilio
1384 1924 1470 1986 45

432 2047 555 2113 per
598 2034 871 2091 matrem
919 2025 1287 2109 deportaris

347 2139 414 2196 et
458 2131 680 2196 verbis
727 2129 1043 2214 angelicis

429 2233 581 2299 inde
626 2234 981 2298 revocaris,

338 2393 495 2464 Ave
512 2446 532 2481 ,
578 2397 688 2483 qui
732 2398 1033 2482 virgineo

431 2500 603 2566 lactc
649 2501 1033 2566 sustentaris
1380 2501 1465 2566 50

340 2607 409 2667 et
452 2603 760 2666 maternis
804 2601 1091 2667 brachiis

434 2708 505 2767 ut
546 2721 711 2784 puer
757 2701 1090 2786 bajularis.

340 2859 527 2944 Ave,
577 2863 685 2943 qui
730 2880 851 2945 per
895 2859 1175 2924 triduum

430 2967 669 3028 absens
719 2961 1123 3045 quaerebaris

340 3075 409 3132 et
454 3066 757 3131 inventus
803 3063 1078 3129 dulciter
1382 3066 1466 3128 55

425 3190 550 3255 per
593 3176 865 3235 matrem
911 3166 1323 3252 amplexaris.

337 3352 523 3437 Ave,
575 3354 683 3435 qui
729 3374 770 3418 a
814 3351 1014 3416 milite

425 3477 545 3521 rex
591 3476 821 3539 regum
865 3453 1223 3538 baptizaris

338 3568 406 3626 et
450 3581 534 3624 ex
579 3568 731 3625 tunc
779 3580 819 3624 a
865 3567 1095 3624 satana

422 3682 547 3748 pro
595 3665 783 3729 nobis
831 3671 933 3728 ter
979 3660 1268 3727 tentaris.
1377 3661 1461 3724 60

334 3843 488 3924 Ave,
535 3848 640 3926 qui
674 3861 792 3927 per
820 3842 1130 3927 plurimos

425 3964 630 4013 anuos
666 3951 1032 4027 transivisti,

336 4052 548 4115 vivens
594 4053 756 4114 inter
793 4055 1101 4132 pessimos

421 4156 491 4216 ut
533 4168 765 4233 aynum
804 4155 864 4215 te
902 4152 1162 4231 yessisti.

335 4327 519 4410 Ave,
568 4328 676 4411 qui
723 4327 1060 4411 apostolos
1376 4328 1458 4391 65

420 4431 618 4499 rudes
666 4432 924 4515 elegisti

337 4544 404 4602 et
450 4553 567 4600 eos
614 4533 988 4599 coelestibus

423 4640 610 4706 donis
655 4637 962 4713 imbuisti,

295 4775 462 4826 Mona,
493 4769 665 4819 latein.
700 4769 949 4826 Bymnen.
989 4767 1029 4813 1.

2705 272 2839 338 33⁷

1705 454 1859 524 Ave
1876 507 1893 541 ‚
1942 459 2050 540 qui
2086 456 2414 523 miraculis

1796 561 2011 626 multis
2059 561 2419 626 coruscasti
2750 561 2840 625 ’10

1709 672 1778 730 et
1825 672 1999 729 tuam
2045 666 2400 750 potentiam

1788 768 2114 833 interdum
2160 766 2520 833 occultasti.

1704 929 1899 1014 Ave,
1947 934 2055 1013 qui
2104 952 2144 999 a
2193 931 2463 995 mortuis

1792 1034 2119 1103 Lazarum
2161 1034 2450 1117 vocasti,

1703 1159 1827 1223 per
1855 1138 2028 1220 quod
2057 1139 2311 1220 signum
2336 1138 2679 1204 maximum
2742 1141 2828 1204 '15

1790 1238 2064 1304 Judaeos
2114 1239 2470 1303 concitasti.

1704 1397 1895 1484 Ave,
1944 1401 2054 1482 qui
2100 1420 2242 1465 cum
2287 1400 2501 1483 gloria

1792 1524 1913 1567 rex
1958 1522 2186 1585 regum
2233 1523 2305 1567 es
2352 1510 2657 1586 receptus

1706 1613 1774 1671 et
1819 1626 1963 1671 cum
2007 1605 2360 1689 ignominia

1791 1716 1944 1793 post
1990 1708 2309 1774 modicum
2353 1709 2622 1792 ejectus.
2743 1708 2829 1773 80

1568 1923 1679 1991 111.
1724 1925 1855 1989 Avo
1898 1924 2052 1989 Jesu
2089 1928 2343 2007 optime,

1789 2047 1907 2094 ave
1952 2028 2106 2094 Jesu
2152 2030 2331 2107 bone,

1698 2150 1951 2198 reorum
1996 2129 2443 2212 beniynissime'

1784 2233 2072 2317 defensor
2109 2238 2169 2298 et
2202 2234 2509 2316 patrone!

1703 2398 1858 2479 Ave,
1908 2401 2014 2481 qui
2053 2397 2439 2463 ooenantibus
2739 2398 2825 2464 85

1794 2505 1993 2567 lecum
2037 2506 2096 2567 te
2139 2505 2374 2580 dedisti,

1705 2605 1821 2671 hoc
1863 2604 2041 2670 dulce
2080 2605 2260 2670 nobis
2306 2604 2589 2672 omnibus

1784 2710 2014 2788 piqnus
2055 2708 2372 2790 reliqui-sti.

1699 2864 1854 2935 Ave
1900 2888 2134 2933 manna
2178 2868 2471 2934 coelicum
2484 2916 2504 2952 ,

1787 2971 1977 3054 panis
2024 2971 2430 3054 angelorum,
2740 2971 2825 3035 90

1701 3072 1993 3137 caritatis
2037 3072 2362 3135 vinculum
2375 3119 2394 3153 ,

1787 3180 2017 3238 auctor
2059 3171 2447 3236 meritorum.

1699 3353 1855 3433 Ave,
1901 3356 2007 3444 qut
2041 3356 2455 3433 sanquinem

1785 3457 2075 3521 sudorem
2113 3451 2399 3535 effudisti,

1701 3573 1844 3623 cum
1888 3563 2207 3622 tormenta
2250 3556 2526 3623 maxima
2735 3557 2820 3622 95

1786 3659 2004 3724 futura
2045 3658 2427 3743 praevidisti.

1695 3833 1851 3904 Ave
1893 3857 2016 3902 rex
2051 3836 2398 3916 liberrime,

1785 3940 1893 4023 qui
1937 3941 2192 4005 vinctus
2239 3938 2580 4003 ducebaris

1700 4043 2126 4124 scelestisque
2170 4042 2463 4106 manibus

1774 4154 1846 4211 ut
1888 4146 2057 4210 latro
2102 4145 2510 4210 tractabaris.
2688 4142 2814 4206 100

1689 4322 1874 4403 Ave,
1923 4324 2031 4406 qui
2065 4323 2398 4407 judicibus

1778 4430 1880 4496 bis
1927 4429 2093 4494 binis
2138 4428 2563 4512 praesentaris

1692 4538 1760 4596 et
1805 4530 2101 4614 profanis
2145 4530 2335 4595 labiis

1776 4633 1944 4701 false
1990 4633 2368 4700 criminaris.

2302 4740 2392 4804 22
