3159 5259
2513 273 2524 279 ⁹
2643 281 2778 348 *aa

411 458 707 527 Altior-es
753 461 854 525 his
901 462 1099 527 locati
1143 464 1209 527 in
1254 481 1560 548 supernae
1601 466 1837 549 patriae

413 568 659 648 absque
704 564 833 629 fine
876 584 1046 649 pace
1093 573 1232 631 tuto
1246 616 1264 648 ‚
1310 568 1457 633 luce
1504 568 1684 633 claro
1732 569 2036 651 culmine,

410 668 815 752 principatus
861 667 928 731 hi
972 677 1301 735 merentur
1348 672 1660 755 consequi
1703 672 2105 738 vocabulum.
2681 679 2766 743 30

416 826 691 893 Constat
735 837 949 894 autem
994 828 1398 896 dominantes
1446 851 1592 896 esse
1639 832 1849 898 dictos
1894 834 2150 898 nomine

408 932 761 994 eminentes
808 931 909 994 his
950 933 1245 1018 prioratu
1290 937 1539 1019 recepti
1582 937 1899 1018 muneris,

409 1033 519 1115 qui
562 1033 864 1099 videntur
909 1043 1275 1102 ceterorum
1319 1040 1596 1120 gratiam
1643 1040 2124 1106 transcendere.

405 1194 588 1281 Ergo
636 1198 830 1262 sedes
878 1199 1015 1264 sive
1062 1200 1333 1266 thronos
1379 1202 1481 1266 his
1528 1207 1832 1266 notamen
1876 1202 2107 1266 indidit

407 1319 549 1365 mos
592 1310 918 1384 vetustus,
966 1311 1199 1370 cuncta
1243 1323 1365 1386 per
1410 1323 1574 1386 quos
1621 1325 1741 1368 rex
1785 1305 2084 1386 polorum
2127 1304 2411 1391 judicat,
2675 1313 2759 1377 35

406 1425 492 1470 ex
538 1407 744 1470 sacris
791 1408 1177 1472 auctoritate
1222 1411 1535 1474 roborata
1571 1409 1848 1473 vatibus

404 1563 509 1631 Ex
556 1566 883 1632 cherubim
930 1569 1241 1652 plenitate
1289 1569 1460 1634 dicta
1508 1576 1657 1633 sunt
1700 1569 2023 1652 scientiae,

405 1670 581 1755 quod
625 1672 934 1736 scientem
979 1680 1211 1737 cuncta
1254 1674 1499 1755 norint,
1544 1679 1616 1736 ut
1658 1663 1724 1735 in
1772 1692 1844 1735 se
1892 1681 1991 1736 est
2035 1673 2326 1758 domino,

409 1773 619 1856 deque
665 1776 924 1840 summis
970 1776 1333 1860 intimisque
1378 1777 1467 1842 nil
1514 1777 1600 1840 sit
1641 1776 1744 1840 his
1787 1776 2197 1858 incognitum.

406 1937 639 2002 Restat
683 1957 844 2021 ergo
889 1959 1061 2004 nunc
1107 1941 1358 2004 referre
1406 1937 1489 2002 de
1536 1940 1843 2023 seraphin
1890 1940 2149 2023 ordine,
2674 1948 2759 2011 40

406 2041 516 2122 qui
561 2041 780 2105 calore
827 2049 975 2106 sunt
1021 2043 1260 2106 amoris
1303 2050 1655 2107 aestuantes
1699 2043 1766 2106 in
1812 2043 1939 2108 deo

411 2142 688 2225 huicque
735 2144 857 2208 soli
902 2162 1159 2229 semper
1204 2143 1457 2210 haerent
1501 2147 1775 2209 caritate
1820 2147 2114 2229 proximi.

409 2302 527 2367 His
573 2307 929 2389 quibusque
976 2304 1123 2371 dum
1171 2308 1403 2371 suatim
1448 2317 1703 2373 constet
1749 2328 1895 2374 esse
1942 2311 2232 2396 singula,

409 2415 512 2471 ast
555 2406 876 2473 habentur
921 2418 1156 2475 cuncta
1201 2414 1451 2478 cunctis
1497 2413 1770 2478 caritate
1813 2414 2032 2479 mutua

407 2511 733 2594 possidet,
780 2512 931 2578 dum
968 2513 1141 2597 quod
1171 2562 1371 2579 .....
1391 2563 1410 2597 ,
1457 2514 1628 2580 alter
1671 2514 1800 2581 hoc
1843 2517 1909 2581 in
1954 2518 2179 2584 altero.
2674 2525 2759 2589 45

404 2670 542 2735 Nos
587 2679 653 2736 et
696 2672 824 2756 ipsi
866 2691 1083 2737 massa
1129 2682 1323 2740 terrae
1369 2686 1548 2742 sorte
1596 2675 1824 2744 sancta
1868 2680 2090 2747 talium

405 2775 760 2859 adjuvante
806 2796 965 2859 rege
1011 2796 1261 2841 summo
1304 2786 1399 2843 tot
1446 2780 1710 2845 locandi
1754 2782 2113 2865 credimur,

406 2889 564 2964 quot
608 2881 927 2962 malignus
971 2879 1348 2945 decidentes
1392 2881 1540 2947 aula
1588 2883 1735 2947 coeli
1781 2885 2045 2968 depulit.

400 3041 590 3110 Unde
635 3045 735 3108 fas
782 3051 916 3125 est,
962 3062 1083 3109 nos
1128 3063 1431 3128 supernae
1476 3061 1657 3109 more
1700 3047 1872 3111 vitae·
1902 3047 2157 3112 interim

402 3146 511 3212 hic
553 3147 617 3209 in
661 3166 847 3210 usum
889 3145 1063 3210 ferre
1109 3155 1396 3211 nostrum
1444 3148 1823 3229 angelorum
1869 3150 2113 3233 munia,
2461 3175 2470 3184 ·
2671 3157 2754 3222 50

400 3251 548 3336 ipsa
593 3259 896 3333 quantum
942 3253 1303 3336 corporalis
1349 3252 1720 3317 exulantum
1764 3252 1866 3316 vis
1912 3254 2103 3337 capit.

403 3415 546 3481 Hoc
593 3415 819 3479 valere
864 3421 965 3479 est
1009 3416 1222 3480 favori
1268 3415 1560 3498 cuiquam
1606 3423 1896 3480 nostrum
1944 3416 2076 3483 dux
2119 3421 2309 3487 datus

407 3528 604 3601 atque
651 3527 871 3584 custos
915 3518 1257 3584 mundialis
1302 3519 1623 3586 incolatus
1668 3528 1995 3606 tempore,

404 3623 574 3687 illius
618 3641 739 3707 per
782 3630 853 3687 ut
901 3620 1200 3688 ducatum
1247 3622 1713 3688 transferamur
1758 3622 1843 3688 ad
1889 3623 2097 3692 deum.

406 3783 707 3872 Angelos
756 3788 865 3871 qui
908 3789 1121 3871 pascit
1164 3787 1308 3872 ipsa
1351 3788 1600 3854 visione
1637 3790 1778 3874 jam
1823 3792 1923 3856 sui
2668 3790 2752 3852 55

404 3902 473 3959 et
517 3893 646 3959 fide
692 3914 813 3960 nos
858 3915 981 3979 per
1025 3896 1196 3960 viam
1241 3914 1411 3961 nunc
1455 3899 1864 3964 ambulantes
1909 3898 2004 3961 sic
2048 3897 2192 3978 alit,

404 4005 475 4063 ut
521 4000 819 4083 supernis
862 4006 1012 4081 post
1057 4009 1353 4081 coaequet
1397 4001 1568 4065 inter
1613 4009 1792 4066 astra
1838 4001 2104 4067 civibus.

320 4234 709 4290 Reichenauer
747 4231 842 4287 Hs.
879 4248 949 4287 zu
986 4231 1327 4302 Karlsruhe‚
1363 4234 1469 4290 No.
1500 4235 1621 4289 244.
1669 4234 1753 4290 Bl.
1793 4234 1877 4290 ⁷8.
1925 4250 2029 4292 aus
2066 4234 2190 4290 dem
2227 4235 2297 4289 10
2331 4233 2557 4305 Jahrb„
2607 4236 2756 4293 ohne

145 4321 503 4397 strophische
540 4319 903 4391 Abtheilung.
971 4321 1085 4374 Das
1123 4319 1328 4376 ffltesoe
1362 4319 1612 4391 Beispiel
1643 4320 1801 4376 einer
1837 4319 2074 4377 solchen
2111 4321 2475 4394 dreizeiligen
2501 4322 2755 4395 strophe

144 4413 247 4468 hat
278 4410 618 4466 Prudentius
655 4408 765 4462 und
800 4409 997 4479 apator
1032 4406 1343 4463 venantius
1379 4408 1723 4465 Fortunatus
1760 4407 1974 4478 (S.No.
1997 4409 2146 4479 101).
2218 4408 2379 4466 Auch
2415 4408 2505 4465 die
2540 4411 2755 4482 rythmi

143 4497 478 4559 Adelmanni
513 4496 609 4553 bei
641 4497 888 4552 Maba‘lton
922 4493 1186 4551 analecta
1220 4512 1272 4566 p.
1308 4496 1417 4551 382
1451 4494 1638 4550 haben
1675 4494 1861 4551 dieses
1897 4495 2334 4568 Strophenmass
2349 4537 2365 4567 ‚
2412 4496 2625 4554 ebenso
2663 4497 2756 4554 die

144 4601 337 4659 prosae
371 4584 627 4643 Fulberti
673 4584 733 4640 in
768 4583 870 4639 der
903 4583 1112 4655 Magna
1147 4581 1491 4639 bibliotheca
1524 4587 1779 4654 patrum,
1826 4582 1912 4639 ed.
1947 4583 2146 4641 Gelon.
2182 4586 2248 4638 11
2285 4599 2342 4656 p.
2376 4586 2462 4641 44.
2531 4584 2757 4643 Andere

144 4673 431 4748 Beispiele
475 4672 571 4730 bei
615 4672 808 4729 Dm!
840 4673 869 4725 1
885 4711 901 4740 ,
937 4672 1040 4726 191
1077 4667 1174 4743 fig.
1242 4670 1403 4730 Nach
1447 4669 1632 4728 Inhalt
1674 4670 1788 4730 und
1833 4670 2098 4745 Fumg
2148 4667 2307 4730 fuhrt
2353 4672 2555 4747 obiges
2600 4673 2757 4742 med,
