3159 5259
143 486 209 553 0
255 506 438 554 amor
482 507 675 570 quam
716 490 1100 575 umens,

149 611 347 676 quam
394 590 682 673 effluens,
728 611 917 674 quam
960 594 1218 679 nimius,

152 697 268 780 qui
313 695 500 760 deum
545 695 650 760 dei
692 694 890 760 filium

149 819 351 867 unum
395 798 549 866 fecit
588 800 969 866 mortalium.

3 939 26 960 ’
152 962 423 1031 Affectu
465 964 949 1049 superior-vido,

154 1085 290 1150 quo
332 1083 451 1130 nos
495 1066 638 1132 tulit
682 1068 765 1132 ab
810 1076 1089 1153 aeterno,

150 1170 465 1252 nequibat
507 1188 578 1233 se
625 1170 1075 1255 comprimere,

152 1273 272 1357 qui
310 1273 488 1337 venit
530 1291 649 1338 nos
691 1275 991 1342 invisere.

154 1436 309 1503 Non
350 1437 567 1502 invisit
606 1456 727 1503 nos
774 1441 1039 1524 angelo,

156 1560 280 1608 seu
321 1560 623 1624 supremo
667 1562 784 1610 seu
825 1544 1076 1623 infimo,

156 1646 376 1710 carnis
425 1663 758 1712 assumens
800 1649 1066 1733 pallium

156 1749 341 1813 venit
382 1748 469 1815 ad
511 1768 631 1815 nos
674 1771 797 1836 per
838 1771 911 1817 se
953 1755 1179 1839 ipsum.

155 1924 239 1992 In
280 1943 353 1988 se
399 1944 541 1991 cum
586 1928 923 1995 invisibilis

162 2030 252 2094 sit
292 2033 532 2095 nostris
574 2032 769 2118 lippis
816 2035 1048 2121 oculis,

164 2142 376 2201 tectus
421 2138 675 2201 mortali
720 2140 934 2204 tunica

160 2237 295 2305 huc
335 2242 657 2325 processit
704 2229 790 2307 ad
831 2243 1107 2328 publica.

164 2419 317 2488 Nou
361 2423 565 2488 solum
608 2442 680 2488 se
726 2425 1069 2492 ostendere

167 2526 411 2610 voluit,
456 2527 574 2592 sed
618 2529 969 2595 convivere

170 2628 578 2696 deus-homo
622 2631 983 2698 hominibus

162 2732 281 2800 hic
325 2736 504 2799 annis
545 2737 812 2819 triginta
852 2738 1074 2803 tribus.

163 2916 475 2983 Nascitur
517 2919 702 2982 nobis
746 2918 939 2983 hodie

165 3039 457 3105 pauper,
504 3021 653 3084 exul
682 3070 877 3085 .....

166 3123 362 3189 nobis
408 3124 589 3206 vagit
633 3126 958 3208 praesepio

155 3225 430 3312 junctus
475 3228 628 3291 bovi
672 3236 738 3291 et
781 3228 981 3291 asino.

167 3408 335 3475 Post
377 3409 562 3473 nobis
609 3408 1109 3494 circumciditur,

170 3515 365 3580 nobis
410 3522 476 3578 et
520 3515 759 3579 Jhesus
805 3516 1066 3598 dicitur,

168 3639 300 3707 pro
344 3624 528 3688 nobis
572 3625 778 3688 stellae
822 3624 1020 3706 visio,

172 3728 366 3792 nobis
409 3728 614 3794 Jhesu
655 3731 910 3795 oblatio.

170 3908 383 3977 Nobis
429 3911 745 3996 baptisma
791 3914 1085 3998 suscipit,

174 4014 369 4080 nobis
404 4013 713 4097 jejunans
760 4018 989 4097 esurit,

176 4118 369 4182 nobis
414 4127 479 4182 et
522 4128 707 4184 satan
750 4121 919 4186 hunc
963 4127 1194 4203 tentat,

172 4223 369 4288 nobis
414 4231 762 4289 tentantem
807 4234 1085 4310 superat.

58 4496 75 4510 .
176 4407 386 4475 Nobis
433 4419 575 4475 orat
620 4421 684 4476 et
725 4414 1071 4497 praedicat,

172 4531 306 4598 pro
352 4515 538 4580 nobis
585 4527 816 4581 cuncta
860 4519 1137 4602 factitat,

178 4617 405 4682 verbis
449 4619 651 4702 signis
697 4629 762 4684 et
806 4624 1054 4689 actibus

1362 487 1405 555 ὅ

1323 1071 1407 1137 10

1326 1648 1407 1712 15

1327 2247 1411 2312 20

1331 2921 1416 2984 25

1334 3517 1418 3580 30

1343 4122 1426 4183 35

1507 490 1639 556 Pro
1682 492 1870 556 nobis
1909 489 2480 575 conprehendiur
2494 539 2515 577 ,

1508 593 1894 677 flagellatur,
1941 594 2346 679 conspuitur,

1508 696 1719 763 crucis
1751 695 2006 780 perfert
2046 698 2431 783 patibulum,

1506 817 1632 885 pro
1676 800 1862 865 nobis
1904 799 2103 865 tradit
2145 802 2454 885 spiritum,

1506 964 1712 1030 Nobis
1755 965 1962 1048 surgit
2007 985 2047 1030 a
2089 966 2389 1048 mortuis,
2671 961 2776 1031 ⁴5

1507 1069 1695 1136 nobis
1740 1087 1813 1133 se
1857 1070 2169 1136 transfert
2211 1070 2500 1155 superis,

1508 1175 1697 1239 nobis
1740 1193 1923 1240 suum
1966 1174 2080 1239 dat
2122 1176 2415 1259 spiritum

1508 1276 1576 1340 iu
1621 1280 1821 1342 robur
1839 1325 1857 1360 ,
1901 1278 1968 1342 in
2011 1278 2324 1343 solatium.

1509 1437 1686 1503 Vere
1733 1435 1883 1503 talis
1927 1438 2188 1505 dilectio

1508 1560 1642 1607 non
1684 1540 1905 1606 audita
1948 1561 1990 1606 a
2033 1542 2278 1608 saeculo
2419 1601 2428 1606 .
2673 1540 2768 1606 50

1512 1645 1596 1712 de
1642 1653 1943 1712 creatura
1985 1647 2203 1730 aliqua

1511 1749 1793 1814 humana
1833 1748 1945 1812 vel
1987 1747 2307 1831 angelica.

1514 1928 1722 1994 Homo
1766 1927 1960 1991 talem
2003 1944 2134 1991 non
2173 1925 2416 2008 habuit,

1516 2032 1666 2115 quia
1711 2040 2159 2115 transgressor
2204 2031 2478 2117 exstitit,

1515 2133 1718 2198 deruit
1761 2133 1888 2200 hoc
1934 2143 1999 2198 et
2044 2134 2283 2218 angelo
2681 2129 2772 2198 55

1516 2239 1778 2305 fervore
1823 2239 2007 2304 nimis
2052 2238 2292 2326 tepido.

1516 2421 1670 2506 Dic,
1716 2422 1857 2505 quis
1901 2441 2177 2505 unquam
2221 2421 2560 2506 spirituum

1518 2527 1629 2593 hic
1669 2545 1793 2612 pro
1837 2527 2047 2592 salute
2095 2527 2420 2591 homiuum

1521 2631 1847 2696 incarnari
1892 2650 1964 2694 se
2007 2630 2300 2714 pertulit,
2757 2653 2772 2680 ἐ

1518 2752 1654 2798 nou·
1694 2733 1839 2798 dico
1854 2781 1871 2815 ‚
1918 2749 2173 2797 crucem
2220 2730 2412 2796 subiit
2427 2727 2465 2795 Q
2683 2724 2780 2792 60

1520 2913 1664 2979 Hoc
1706 2931 1986 2978 summus
2031 2912 2184 2978 fecit
2229 2910 2521 2977 dominus

1522 3038 1641 3083 sua
1683 3017 1970 3083 bonitate
2016 3024 2292 3097 tractuS,

1524 3123 1635 3206 qui
1677 3129 1862 3185 natus
1909 3119 2087 3184 dedit
2128 3120 2439 3203 pretium,

1524 3244 1654 3311 quo
1700 3225 1923 3289 mortis
1968 3224 2163 3288 solvit
2206 3221 2508 3288 debitum.

1522 3409 1692 3476 Hinc
1734 3429 1819 3473 ex
1863 3409 2060 3492 plena
2101 3408 2329 3473 laefitia

1526 3517 1937 3580 concinamus
1982 3531 2152 3579 nunc
2198 3512 2451 3598 „gloria

1526 3621 1610 3683 sit
1655 3618 1780 3683 deo
1823 3620 1890 3684 in
1935 3612 2298 3684 altissimis“

1527 3745 1657 3789 una
1703 3744 1845 3790 cum
1888 3723 2060 3786 laetis
2103 3721 2370 3805 angelis,

1528 3905 1667 3972 Hos
1713 3906 1768 3968 si
1810 3904 2021 3987 replet
2071 3901 2165 3967 sic
2209 3899 2446 3983 gaudio

1529 4013 1737 4077 nostri
1790 4006 2260 4090 congratulatio
2279 4052 2297 4085 ,
2691 3987 2786 4064 w

1528 4133 1650 4180 nos
1696 4130 1736 4176 o
1782 4119 2084 4195 quantum
2129 4103 2583 4190 gaudebimuS,

1534 4220 1763 4303 quibus
1812 4214 2105 4280 Christus
2147 4218 2250 4274 est
2302 4204 2539 4271 natus?

1532 4410 1944 4475 Deiectemur
1986 4405 2052 4466 in
2096 4396 2364 4486 proprio

1536 4514 1723 4579 nobis
1768 4527 1937 4574 nuuc
1979 4513 2133 4571 nato
2179 4502 2466 4583 domino,

1537 4625 1636 4684 tot
1678 4616 1848 4680 huuc
1891 4612 2241 4678 mulcentes
2278 4604 2515 4672 osculis
2692 4604 2787 4668 75

176 4735 306 4783 nos
351 4739 647 4806 quaerens
692 4740 823 4789 non
865 4742 937 4790 se
980 4723 1257 4809 penitus.
1348 4725 1434 4790 40
1539 4729 1700 4806 quot
1741 4719 1886 4806 ejus
1927 4718 2217 4788 membra
2259 4710 2574 4796 corporis.

2277 4810 2382 4884 5*
