3159 5259
201 492 434 576 Salve,
483 495 590 577 qui
634 510 755 559 nos
797 510 920 577 per
963 501 1028 559 te
1073 493 1260 576 lavit,

201 596 350 662 dum
396 597 461 661 in
508 615 701 663 cruce
747 606 927 663 stans
970 597 1230 663 sudavit

288 700 467 764 rivos
513 698 789 764 fundens
835 700 1195 782 sanguinis:

201 800 415 880 salve,
460 800 572 882 qui
615 800 986 884 flagellatus
1001 848 1018 882 ‚
1374 801 1456 862 10

201 909 267 967 te
314 901 541 966 effudit
584 902 691 966 dei
735 902 907 967 latus
1345 916 1362 923 ’

287 1023 412 1089 pro
459 1005 667 1070 salute
708 1003 1002 1071 hominis.

199 1165 402 1233 Salve
446 1174 546 1248 tu,
594 1167 697 1249 qni
747 1185 819 1230 es
864 1165 1123 1232 rotundi

197 1272 377 1336 salus
424 1279 491 1334 et
533 1271 812 1353 pretium
847 1267 1067 1335 mundi

286 1383 640 1456 nostraque
686 1372 1082 1458 redemptio:
1376 1373 1456 1434 15

205 1479 389 1542 salve
434 1476 609 1542 salus
654 1476 1018 1560 praefulcita
1032 1523 1050 1558 ,

201 1599 326 1664 per
371 1600 561 1663 quam
605 1581 792 1646 nobis
839 1579 1029 1645 datur
1073 1580 1212 1645 vita

288 1683 622 1766 hostisque
667 1684 1049 1768 peremptio.

1563 490 1768 557 Salve
1814 492 2081 575 sanguis
2124 492 2461 574 salutaris,

1561 598 1674 681 qui
1718 598 1783 662 in
1831 598 2034 662 calice
2079 598 2381 663 &acturis
2734 596 2823 660 20

1648 700 1837 764 nobis
1882 700 1968 764 ad
2012 700 2395 764 rene-Eum.

1560 805 1765 887 salve,
1811 823 1960 868 nam
2003 822 2129 888 per
2170 813 2237 869 te
2280 804 2622 871 multarum

1558 926 1757 991 poena
1801 908 1989 972 fortis
2035 910 2389 975 animarum

1645 1008 1945 1094 placatur
1991 1019 2058 1075 et
2101 1010 2379 1076 taedium.

1559 1169 1762 1236 Salve
1808 1172 1957 1237 fons
2003 1172 2228 1236 salutis
2274 1171 2468 1254 dene,
2733 1172 2817 1234 2⁵

1562 1276 1715 1340 licet
1761 1276 1878 1340 sim
1922 1283 2237 1360 peccator
2280 1292 2433 1340 rens
2449 1322 2466 1357 ‚

1648 1379 1905 1444 veniam
1949 1386 2106 1461 peto
2150 1388 2401 1459 tamen,

1561 1486 1637 1543 ut
1676 1480 1743 1542 in
1787 1487 1851 1544 te
1900 1481 2247 1544 consistam
2288 1478 2489 1560 lotus,

1560 1581 1697 1665 tibi,
1744 1584 1853 1666 pie
1899 1580 2177 1664 Christe,
2225 1588 2400 1646 totus

1561 1678 1564 1683 ’
1649 1683 1769 1747 sim
1813 1689 2231 1748 restauratus.
2289 1701 2494 1747 amen.
2729 1678 2815 1742 30

378 1869 764 1926 Reichenauer
798 1868 1053 1941 PapaHs.
1089 1868 1193 1923 No.
1222 1867 1344 1923 156.
1381 1868 1449 1920 15
1484 1866 1676 1922 Jahrb.
1715 1883 1785 1922 zu
1821 1866 2149 1925 Karlsrube.

372 1993 422 2045 4.
462 1992 531 2045 10
565 1986 710 2046 fehlt
748 1993 777 2044 1
816 1990 1012 2063 Syme,
1050 1987 1341 2045 vielleicht
1374 1991 1452 2042 tu.
1526 1988 1595 2041 13
1630 1987 1839 2057 recudi,
1878 1989 1970 2043 Hs.
2042 1991 2115 2045 28
2150 1991 2248 2061 qui
2286 1992 2446 2059 sisto,
2482 1991 2580 2045 Hs.
2615 1984 2655 2043 f.
2677 2001 2813 2043 cen·

191 2079 410 2136 sistam.

376 2203 440 2257 V.
476 2205 561 2258 20.
617 2201 899 2270 tractaris,
938 2196 1033 2255 fiir
1067 2197 1477 2256 transmutaris.

1066 2506 1240 2583 224.
1304 2506 1420 2579 De
1473 2519 1935 2581 sacramento.

201 2712 308 2779 Tu
353 2733 424 2778 es
469 2721 679 2795 certe,
727 2731 918 2795 quem
961 2711 1196 2793 habeo,

290 2836 478 2899 quem
523 2814 717 2881 avide
762 2815 934 2879 sitivi
950 2864 968 2897 ,

194 2926 270 2983 et
315 2926 527 2998 teneo,
565 2916 905 3000 possideo,

296 3040 484 3103 quem
522 3019 739 3085 valide
781 3019 1018 3102 cupivi.

207 3183 358 3251 'Tibi
405 3182 708 3266 quidnam
753 3181 1106 3246 retribuam
1420 3180 1459 3241 5

292 3306 417 3374 pro
463 3296 593 3352 tam
638 3286 977 3372 praeclaris
1025 3282 1260 3349 donis?

205 3389 315 3473 qui
356 3398 634 3454 mentem
678 3408 888 3452 meam
922 3406 1197 3452 vacuam

290 3502 422 3556 tam
469 3492 640 3556 caris
685 3490 915 3574 imples
959 3488 1164 3554 bonis.

205 3654 259 3719 0
308 3653 644 3720 adoranda
689 3653 928 3735 deitas,

292 3766 357 3822 te
405 3759 640 3824 invoco
687 3759 750 3820 in
800 3756 966 3840 fide,
1381 3757 1461 3818 10

203 3879 248 3924 o
295 3859 675 3925 admiranda
719 3859 974 3924 bonitas

295 3981 465 4027 nunc
512 3961 662 4025 audi
705 3980 809 4024 me
856 3967 922 4024 et
966 3958 1153 4023 vide!

203 4122 367 4188 Tuae
415 4121 814 4187 celsitudinis

295 4226 526 4290 coelum
573 4225 680 4289 hic
722 4230 1024 4308 patescat

208 4336 276 4394 et
319 4328 432 4393 lux
478 4329 571 4391 tui
615 4328 870 4392 luminis
1382 4328 1461 4389 15

296 4452 495 4516 super
539 4452 640 4496 me
687 4430 1120 4516 splendescat.

209 4596 420 4662 visita
466 4618 568 4661 me
612 4596 809 4661 hodie

295 4702 366 4766 in
410 4707 520 4765 tuo
567 4699 870 4782 salutari,

1561 2720 1694 2776 tuae
1740 2730 1841 2773 me
1887 2709 2213 2774 dulcedini

1650 2814 1758 2879 sac
1796 2813 1993 2895 digne
2036 2812 2441 2897 praesentari.
2732 2811 2818 2874 20

1565 2974 1832 3041 Coelesti
1878 2983 2155 3039 mentem
2201 2974 2392 3057 adipe

1652 3079 1759 3142 fac
1803 3097 2011 3141 meam
2057 3073 2443 3158 impinguari

1566 3189 1633 3246 et
1678 3180 1830 3264 igne
1876 3188 1989 3245 tuo
2032 3179 2323 3264 praecipe

1655 3302 1770 3350 cor
1815 3302 2024 3348 meum
2068 3281 2466 3345 inflammari.

1567 3446 1969 3510 Thesaurum
2013 3453 2188 3509 tuum
2234 3462 2462 3507 resera
2734 3442 2819 3506 25

1653 3558 1720 3613 et
1766 3568 1991 3613 verum
2034 3567 2267 3611 manna
2310 3546 2466 3631 plue

1568 3660 1897 3732 totumque
1945 3670 2048 3714 me
2097 3648 2475 3715 confoedera

1657 3754 1985 3820 dilectioni
2028 3764 2174 3819 tuae.

1569 3916 1731 3983 Mihi
1776 3914 2032 3999 quidem
2077 3914 2354 3998 pauperi

1655 4019 1738 4083 de
1785 4027 1850 4083 te
1888 4017 2304 4102 praesumenti
2740 4015 2826 4078 30

1567 4124 1741 4207 piam
1786 4142 2039 4186 manum
2086 4121 2303 4204 aperi,

1658 4226 1922 4307 indulge
1968 4224 2058 4287 nil
2105 4222 2387 4288 habenti.

1569 4386 1672 4452 Tu
1718 4386 1824 4450 dei
1867 4386 2021 4449 boni
2066 4383 2261 4464 filius,

1661 4508 1851 4573 quam
1895 4489 2041 4551 vilis
2086 4487 2235 4567 sim,
2282 4500 2411 4548 non
2454 4481 2689 4567 pende,

1575 4593 1695 4658 sed
1739 4611 1929 4673 quam
1975 4590 2063 4652 sis
2111 4586 2596 4667 amantissimus,
2738 4584 2827 4648 35

1665 4714 1855 4781 qnam
1892 4695 2115 4778 dulcis,
2160 4691 2248 4758 mi
2283 4690 2571 4758 ostende.
