3159 5259
363 312 503 401 100

364 519 491 590 Die
535 519 810 585 decurso
856 517 942 584 ad
982 536 1363 603 vesperum,
1582 518 1624 579 5
1726 515 2037 581 innocens
2082 519 2150 577 et
2192 513 2527 594 innoxius,

368 644 502 711 quo
548 624 846 690 Christus
889 624 1082 687 morti
1126 621 1432 707 traditur,
1729 638 1918 703 quem
1962 617 2168 683 Judas
2213 620 2412 685 tradit
2454 618 2701 703 impius.
2907 621 3000 683 20

368 727 461 796 ³¹⁶
502 744 767 794 mnam*
798 727 977 847 vffnfft
1020 726 1282 845 imPiFS’
1725 757 1983 823 Praeses
2026 755 2271 821 Pilatus
2314 756 2707 842 proclamat:

366 833 482 918 qni
524 841 667 898 erat
711 830 952 897 0111!ssss
994 829 1305 917 pPOdltOl'.
1731 860 2010 945 „nullam
2054 860 2308 943 culpam
2351 855 2674 924 invenio«.

1728 964 1964 1029 ablutis
2009 984 2177 1046 aqua
2220 964 2513 1029 manibus

370 1010 573 1081 sem
608 1010 824 1076 futura
867 1011 1117 1075 nuntiat
1729 1065 2053 1132 christum
2097 1068 2348 1133 Judaeis
2392 1065 2673 1132 tradidit.

366 1116 775 1183 coenantibus
822 1114 1178 1198 discipulis:
1540 1113 1621 1176 10

366 1214 578 1303 ,3unus
624 1237 709 1280 ex
754 1214 1298 1281 discumbentibus
1726 1202 2031 1270 Fallaces
2075 1204 2290 1271 Judaei
2333 1204 2512 1289 impii
2911 1205 3001 1266 25

362 1322 513 1406 ipse
556 1340 659 1385 me
705 1318 1054 1384 traditurus
1100 1312 1259 1382 est‚“
1727 1306 2044 1373 latronem
2087 1315 2316 1392 petunt
2351 1308 2576 1372 vivere
2597 1355 2614 1389 ,
2751 1319 2758 1327 '

1728 1408 2050 1474 Christum
2095 1415 2402 1474 accusant
2444 1408 2771 1491 graviter3

366 1496 581 1567 Judas
624 1505 949 1563 mercator
990 1496 1306 1581 pessimus
1732 1509 2224 1595 „crucifigam-9
2271 1529 2422 1575 reug
2467 1506 2637 1573 esst«

360 1603 594 1771 {3⁰¹⁰
638 1603 803 1688 9⁶⁶⁶
848 1601 1203 1718 ¹¹.⁰¹¹¹i¹¹¹¹¹¹¹'
1725 1647 1812 1714 Et
1855 1646 2184 1715 Barrabas
2231 1647 2594 1730 dimittitur,

518 1713 589 1771 ut
633 1724 843 1789 agnus
881 1721 1190 1769 innocens
1539 1702 1620 1763 15
1819 1753 1832 1766 .
2249 1754 2262 1767 .

1728 1771 1836 1835 qm
1881 1770 2031 1816 reus
2073 1760 2298 1816 morus
2343 1752 2586 1835 fuerat,
2909 1755 2999 1819 3ss

1724 1855 1864 1919 vita
1906 1856 2124 1921 mundi
2170 1857 2614 1942 suspenditur,

1725 1978 1847 2043 per
1894 1979 2079 2042 quem
2128 1971 2474 2044 resurgunt
2516 1959 2768 2026 mortui.

362 1832 502 1881 non
546 1822 748 1898 negat
790 1813 981 1879 Judae
1027 1813 1334 1896 osculum,

358 1964 795 2061 bonariorum
837 2014 1105 2060 numero

366 2094 671 2164 clu-istus
712 2098 963 2165 Judaeis
1005 2096 1283 2164 traditur
1729 2096 1955 2162 Gloria
1998 2099 2115 2165 tibi
2159 2100 2416 2166 domine
2460 2107 2586 2165 etc.

545 2282 685 2339 Vier
734 2283 859 2340 Hss.
912 2301 983 2339 zu
1032 2284 1386 2340 Lichtenthal
1404 2324 1423 2353 ‚
1450 2330 1455 2335 .
1484 2285 1608 2340 drei
1657 2300 1760 2341 aus
1808 2284 1931 2339 dem
1984 2287 2053 2339 13
2101 2285 2296 2339 Jahrb.
2350 2284 2466 2339 und
2511 2285 2639 2339 eine
2693 2300 2799 2340 aus
2855 2289 2988 2342 dem

362 2371 439 2425 15
475 2372 666 2429 Jahrb.
705 2374 833 2443 (A).
902 2372 998 2428 Sie
1035 2373 1289 2449 stimmen
1324 2371 1439 2426 alle
1473 2372 1599 2425 vier
1633 2371 1734 2427 mit
1771 2373 1872 2427 der
1910 2372 2306 2444 Wiirzburger
2341 2372 2436 2429 Hs.
2475 2368 2564 2425 bei
2599 2369 2802 2426 Daniel
2839 2374 2892 2441 1,
2913 2375 2985 2428 82

362 2461 602 2519 fiberein
638 2462 768 2531 (D),
801 2460 914 2516 und
948 2460 1131 2532 geben
1167 2459 1292 2515 also
1332 2457 1438 2514 den
1477 2459 1619 2514 Text
1654 2459 1754 2515 der
1792 2458 2211 2516 cistercienser.
2284 2459 2441 2513 Nach
2478 2457 2545 2515 V.
2575 2460 2642 2513 16
2678 2458 2868 2515 haben
2898 2461 2986 2515 sia

360 2546 496 2603 eine
529 2549 727 2603 Divisio
762 2545 856 2602 s‘ur
891 2547 980 2601 die
1017 2545 1325 2617 complete.

542 2672 578 2724 5
614 2670 851 2725 decursa
882 2669 947 2725 D.
1014 2670 1050 2723 6
1085 2684 1197 2739 qua
1226 2668 1291 2724 D.
1345 2669 1411 2722 16
1446 2669 1696 2742 negavit,
1729 2667 1891 2726 Judae
1928 2663 2076 2723 fehlt
2110 2668 2175 2724 A.
2235 2669 2307 2724 34
2342 2684 2506 2739 quam
2538 2667 2603 2724 D.
2653 2670 2724 2725 29
2760 2675 2898 2726 tunc
2917 2672 2981 2728 D.

543 2792 681 2847 Wie
728 2792 978 2847 einzelne
1008 2792 1191 2848 Verse
1238 2792 1348 2847 und
1384 2791 1672 2863 Strophen
1708 2792 1857 2847 alter
1889 2791 2143 2863 Hymnen
2190 2809 2259 2846 zu
2292 2791 2711 2862 Responsorien
2742 2792 2986 2847 bennui:

356 2881 623 2951 wurden,
656 2882 825 2936 theils
862 2881 935 2935 im
968 2880 1286 2949 Versmaas,
1320 2880 1488 2935 tbeils
1521 2880 1580 2935 in
1615 2879 1800 2934 Prosa
1834 2876 2143 2950 ausgelost,
2181 2880 2335 2952 zeigt
2361 2880 2452 2934 die
2476 2880 2864 2936 Reichenauer
2884 2880 2986 2935 Hs.

362 2960 478 3033 No.
513 2971 596 3025 60.
632 2969 717 3025 Bl.
753 2970 821 3025 88
858 2969 958 3025 des
994 2973 1065 3024 12
1100 2969 1291 3026 Jahrb.
1329 2969 1506 3025 durch
1542 2968 1631 3023 die
1666 2967 1867 3024 beiden
1901 2967 2114 3024 Verse:

723 3068 901 3113 verax
937 3056 1100 3112 datur
1135 3054 1463 3127 fallacibus,
1922 3056 2074 3126 pium
2107 3053 2368 3127 flagellat
2402 3054 2620 3126 immas.

354 3144 467 3204 §ie
503 3145 627 3201 sind
662 3162 763 3201 aus
800 3146 922 3200 dem
957 3146 1204 3217 Hymnus
1241 3145 1341 3201 des
1377 3144 1666 3202 sedulius:
1720 3145 1774 3199 A
1807 3143 1947 3201 solis
1985 3149 2145 3199 ortus
2181 3143 2293 3199 Str.
2329 3145 2402 3196 20
2437 3158 2798 3214 genommen,
2862 3144 2982 3200 und

362 3233 559 3306 gleicb
616 3230 825 3288 darauf
864 3230 1016 3303 folgt
1051 3232 1153 3286 das
1189 3231 1657 3303 Responsorium:
1724 3230 2010 3285 Barrabas
2062 3230 2216 3286 latro
2255 3228 2547 3284 dimittitur
2596 3235 2653 3285 et
2701 3230 2982 3287 innocens

359 3318 626 3379 Christus
662 3319 949 3387 occiditur,
985 3319 1172 3374 worin
1208 3320 1352 3374 ohne
1387 3318 1830 3391 Schwierigkeit
1862 3317 2008 3371 zwei
2042 3316 2222 3372 Verse
2258 3316 2573 3371 erkennbar
2609 3315 2761 3373 siud:

719 3411 779 3461 et
813 3407 1098 3461 Barrabas
1135 3406 1452 3475 dimittitur,
1939 3410 2003 3461 at
2036 3405 2302 3461 innocens
2337 3404 2640 3473 occiditur,

360 3505 582 3549 voven
637 3492 737 3547 der
789 3498 938 3547 erste
990 3492 1049 3547 in
1103 3493 1328 3565 obigem
1379 3494 1627 3564 Hymnus
1680 3492 1747 3548 V.
1799 3494 1869 3548 29
1923 3494 2089 3548 steht.
2160 3493 2341 3548 Wfire
2379 3491 2479 3548 der
2513 3492 2719 3547 zweite
2751 3508 2832 3548 an
2867 3493 2982 3549 der

366 3574 555 3639 Stelle
590 3594 706 3635 von
740 3580 838 3648 31,
900 3595 968 3636 so
1017 3581 1212 3635 wiirde
1261 3581 1362 3636 das
1398 3580 1624 3638 Relativ
1659 3595 1808 3653 quem
1843 3580 1908 3635 V.
1942 3582 2013 3635 32
2061 3579 2257 3636 besser
2293 3580 2437 3636 dazu
2469 3595 2682 3651 passen
2721 3578 2814 3635 als
2848 3597 2984 3637 m

346 3662 621 3743 jetzigen
656 3666 812 3722 Text.

376 3862 387 3869 Ι
542 3789 611 3845 V.
643 3793 726 3845 13.
778 3790 951 3847 Pater
984 3790 1217 3847 tradidit
1247 3787 1423 3847 filium
1458 3808 1617 3849 suum
1671 3792 1868 3863 (Rom.
1905 3793 1970 3861 8,
2007 3794 2147 3863 32),
2203 3799 2262 3849 et
2304 3793 2425 3864 ipse
2462 3792 2721 3850 Christus
2760 3805 2978 3861 corpus

358 3896 526 3937 suum
561 3880 712 3951 (Gal.
748 3884 798 3950 2,
833 3883 952 3951 20),
990 3886 1049 3938 et
1081 3881 1258 3937 Judas
1295 3881 1572 3937 dominum
1609 3898 1792 3938 suum:
1833 3897 1932 3937 cur
1969 3881 2028 3936 in
2062 3882 2169 3937 hac
2207 3880 2509 3937 traditione
2547 3882 2683 3936 deus
2720 3884 2810 3934 est
2842 3878 2980 3948 pius

358 3976 425 4026 ot
456 3971 626 4027 homo
662 3986 812 4039 reus,
849 3969 956 4024 nisi
994 3969 1125 4040 quia
1159 3969 1216 4024 in
1253 3985 1315 4024 re
1354 3986 1491 4040 una,
1527 3985 1693 4041 quam
1727 3967 2002 4040 fecerunt,
2039 3984 2210 4025 causa
2245 3984 2358 4025 non
2391 3983 2505 4024 una
2540 3972 2653 4037 est,
2692 3966 2767 4022 ob
2805 3982 2979 4037 quam

356 4055 661 4116 fecerunt?
729 4060 995 4130 Anquslin.
1031 4074 1118 4129 ep.
1153 4059 1238 4125 93,
1276 4061 1324 4112 ⁷.
2581 4132 2588 4139 υ

541 4145 607 4201 V.
641 4149 725 4203 32.
759 4147 1171 4202 lle-surrectionis
1205 4144 1540 4202 vocabulum
1576 4140 1864 4216 significat
1899 4161 2030 4214 non,
2069 4140 2224 4198 aliud
2259 4155 2442 4210 ruere,
2478 4137 2632 4193 aliud
2667 4136 2939 4192 suscitari
2957 4153 2986 4208 ς

357 4237 425 4292 ot
457 4235 609 4306 quod
643 4236 910 4309 adjicitur
942 4240 1285 4304 mortuorum,
1322 4248 1544 4289 carnem
1578 4233 1870 4304 propriam
1898 4232 2275 4288 demonstrat:
2315 4227 2467 4299 quod
2493 4226 2639 4281 enim
2665 4225 2723 4279 in
2740 4224 2975 4280 bomine

358 4321 618 4391 noritur,
653 4323 765 4378 hoc
796 4329 856 4379 et
887 4320 1223 4378 vivificatur.
1290 4321 1502 4377 Hieron.
1538 4321 1666 4377 adv.
1700 4321 1829 4376 soh.
1864 4320 2048 4377 Jeros.
2083 4320 2170 4375 33.
2241 4317 2557 4386 Corporum
2592 4311 2780 4382 salus,
2838 4326 2977 4382 quaa

356 4422 503 4464 vera
538 4413 892 4479 exspectatur
926 4425 963 4464 a
998 4410 1239 4480 domino,
1276 4409 1387 4465 erit
1420 4408 1479 4463 in
1513 4403 1641 4478 fine,
1676 4408 1736 4463 in
1773 4407 2192 4465 resurrectione
2227 4409 2604 4472 mortuorum3
2643 4407 2776 4456 tunc
2813 4400 2974 4470 quod

354 4496 546 4564 vivet,
582 4512 695 4550 non
728 4496 1025 4565 morietur,
1060 4502 1191 4552 tunc
1226 4497 1377 4569 quod
1413 4495 1732 4565 sanabitur,
1769 4512 1884 4552 non
1919 4494 2257 4568 aegrotabit,
2294 4498 2426 4548 tunc
2461 4490 2612 4563 quod
2648 4487 2973 4557 satiabitur,

356 4600 476 4642 non
512 4580 723 4638 esuriet
757 4587 856 4637 aut
890 4581 1059 4651 sitiet,
1095 4589 1227 4639 tunc
1260 4583 1413 4656 quod
1438 4583 1824 4653 renovabitur,
1861 4599 1973 4638 non
2000 4586 2333 4638 veterascet.
2377 4582 2642 4652 Auyuslin.
2676 4578 2736 4633 in
2762 4592 2978 4650 evang.

354 4672 489 4742 Joh,
526 4675 576 4742 5,
616 4674 698 4726 17.
734 4672 768 4737 8
809 4671 854 4724 1.
924 4668 1110 4727 Ueber
1147 4670 1236 4726 die
1261 4672 1368 4727 Art
1404 4670 1507 4725 der
1540 4668 1961 4743 Auferstehung
1997 4669 2096 4725 des
2123 4670 2409 4726 Fleisches
2436 4672 2570 4740 sagt
2595 4667 2814 4737 Greqor.
2831 4664 2975 4720 Naz‘.

336 4765 495 4819 orat
532 4762 602 4816 10
634 4776 689 4834 p.
728 4758 846 4815 173.
892 4753 1096 4836 τρόπον
1132 4751 1274 4817 οἶδεν
1307 4753 1342 4817 ὅ
1376 4759 1549 4816 ταῦτα
1582 4755 1860 4833 συνδήσας
1893 4762 1984 4817 καὶ
2019 4756 2300 4822 διαλύσας.
2370 4757 2429 4817 S.
2464 4756 2570 4814 No.
2609 4758 2661 4827 1,
2697 4755 2822 4813 103»
