3159 5259
367 495 497 554 Ave
533 493 658 563 spei
695 490 1155 561 supplementum,

369 580 554 641 omnis
588 581 725 636 boni
759 576 1203 647 fundamentum,

369 672 501 724 esto
533 667 669 723 mihi
701 664 1105 721 firmamentum
1119 705 1134 733 ,

375 753 580 825 Jhesn,
615 753 801 809 landis
839 755 1242 809 ornamentum.

367 903 496 962 Ave
533 901 694 956 dives
729 906 792 955 tu
828 901 965 969 diei,

370 989 522 1047 nnsis
555 989 717 1056 mihi,
755 985 839 1043 fili
876 987 995 1055 dei,

370 1091 449 1132 ne
482 1091 571 1129 me
604 1076 836 1129 vincant
870 1073 1151 1131 Amorraei
1164 1114 1179 1142 ,

371 1161 686 1220 recordare
721 1161 898 1217 Jhesu
932 1161 1055 1215 mei.

371 1308 503 1367 Ave
536 1309 739 1378 Jhesu,
777 1308 960 1363 dulcis
993 1309 1171 1379 quari
1191 1348 1207 1377 ‚

374 1392 448 1448 de
483 1395 740 1465 supernis
775 1391 869 1449 fac
903 1392 1087 1447 videri

372 1484 436 1537 et
471 1480 540 1535 de
575 1481 717 1537 Sion
751 1497 838 1536 me
872 1480 1049 1548 tueri,

373 1582 450 1622 ne
488 1582 578 1623 me
613 1567 825 1623 laedant
859 1567 1055 1623 hostes
1093 1563 1215 1619 feri.

533 1935 706 2008 263.
774 1935 892 2006 De
947 1936 1250 2033 gratuita
1305 1933 1715 2034 dignatione
1758 1932 1871 2006 dei
1925 1931 2016 2005 ad
2068 1932 2440 2005 hominem.
2519 1930 2845 2034 hymnus.

381 2155 639 2238 Quanta
681 2158 837 2223 mihi
881 2177 1038 2224 cura
1082 2158 1166 2224 de
1209 2168 1304 2242 te,

469 2262 697 2344 homo,
752 2260 827 2342 si¹
853 2248 1320 2342 cognosceres,

380 2376 518 2440 tam
551 2368 748 2435 miser
792 2372 860 2430 et
901 2365 1091 2448 inops
1133 2363 1201 2428 in
1243 2371 1311 2429 te

469 2492 878 2558 nequaquam
921 2474 1272 2554 existeres,

385 2574 510 2642 sed
556 2574 705 2657 quia
748 2581 1034 2639 remotus
1077 2593 1119 2636 a
1161 2592 1300 2654 me,

464 2675 666 2761 quid,
712 2674 893 2756 exul,
937 2675 1005 2737 ni
1047 2673 1376 2739 fluctues?
1459 2696 1464 2705 ·

481 2798 524 2846 o
568 2781 622 2845 si
668 2788 738 2844 tu
779 2777 910 2844 hoc
954 2779 1256 2861 saperes!

385 2970 466 3040 In
509 2973 753 3054 abysso
800 2967 1058 3033 deitatis

469 3074 630 3140 finxi
673 3079 740 3137 te
786 3070 870 3135 de
914 3069 1115 3135 nihilo

384 3195 651 3247 summae
698 3193 953 3258 quoque
999 3174 1301 3238 trinitatis

473 3279 732 3364 signavi
775 3277 1110 3360 signaculo

381 3392 583 3468 tuque
626 3384 795 3448 liber
835 3402 979 3466 prae
1024 3382 1264 3448 creatis

470 3492 883 3569 comparatus
929 3485 1167 3566 angelo
1180 3531 1198 3567 ,

471 3595 607 3654 tam
650 3589 883 3673 nobilis
929 3606 1002 3651 es
1047 3587 1258 3655 homo.

377 3776 462 3845 ln
503 3777 651 3843 loco
697 3783 763 3841 te
806 3776 1161 3860 voluptatis

474 3879 834 3962 gloriosum
872 3878 1089 3962 posui,

379 4002 508 4069 per
549 3982 903 4046 ministrum
944 3980 1246 4046 falsitatis

473 4083 752 4168 decepto
797 4082 1102 4148 condolui

376 4197 698 4272 vesteque
743 4184 1168 4270 simplicitatis

465 4290 775 4356 nudatum
819 4298 886 4354 te
931 4289 1120 4354 vestii
1139 4335 1160 4370 ,

468 4396 565 4462 sic
607 4396 801 4461 homo
845 4412 970 4479 pro
1015 4402 1082 4459 te
1125 4393 1235 4462 fui.

375 4584 474 4649 Te
509 4587 691 4670 juste
737 4579 1031 4670 qnamvis
1074 4586 1305 4670 fugavi

457 4687 545 4752 de
587 4690 736 4756 loco
779 4690 1061 4773 laetitiae,

1556 3175 1638 3239 10

1555 3782 1635 3843 15

1551 4292 1637 4356 20

1732 489 1857 542 Ave
1891 485 2067 541 Jhesu
2102 486 2161 537 et
2195 495 2451 536 meorum

1734 569 1867 625 fave
1901 569 2057 625 votis
2093 568 2373 622 labiorum

1737 664 1797 712 et
1833 662 2154 714 consortem
2190 656 2523 727 angelorum

1736 759 1863 799 esse
1899 742 2046 799 velis
2080 758 2167 799 me
2204 747 2441 798 tuorum.

1736 891 1886 959 Ave,
1924 891 2088 964 cnjus
2122 905 2318 945 manus
2355 905 2520 944 cruce

1738 983 1869 1033 sunt
1894 974 2159 1045 confixae,
2194 990 2300 1033 nos
2339 994 2375 1032 a
2409 982 2570 1031 truce

1736 1064 1914 1120 Jhesn
1950 1063 2145 1118 solvas
2182 1063 2383 1118 mortis
2419 1062 2556 1118 duce

1737 1154 1812 1208 ad
1851 1149 2145 1208 fruendum
2178 1159 2279 1209 tua
2314 1152 2453 1207 luce.

1734 1303 1860 1356 Ave
1895 1300 2099 1368 Jhesn,
2133 1300 2399 1370 princeps
2434 1296 2604 1354 fortis

1739 1393 1799 1443 et
1834 1387 2084 1443 coelestis
2122 1388 2234 1443 (lux
2269 1387 2549 1455 cohortis,

1738 1490 1811 1529 ne
1846 1491 1935 1529 me
1973 1482 2193 1545 premat
2226 1477 2423 1531 umbra
2458 1474 2658 1530 mortis
2673 1514 2688 1545 ‚

1739 1562 1879 1617 educ
1914 1562 1982 1618 de
2019 1561 2226 1619 inferni
2265 1563 2462 1634 portis.
2532 1568 2638 1618 etc.

1740 2177 2149 2242 nequaquam
2191 2167 2407 2223 tamen
2450 2160 2711 2243 privavi

1828 2281 1949 2348 spe
1992 2261 2490 2345 misericordiae,

1742 2383 1892 2428 nam
1936 2382 2053 2429 suo
2096 2363 2561 2447 praedestinavi

1832 2469 2094 2533 salvare
2138 2478 2205 2533 te
2250 2478 2544 2553 tempore
2558 2489 2578 2551 3

1830 2572 1983 2637 hinc
2025 2573 2218 2638 homo
2265 2573 2464 2655 dilige
2508 2592 2631 2638 me.

1745 2761 1993 2829 Satana
2038 2782 2297 2845 semper
2340 2760 2646 2825 damnato

1829 2869 2010 2933 nasci
2052 2885 2176 2950 pro
2222 2873 2288 2929 te
2334 2865 2543 2947 volui,

1743 2971 1915 3036 malo
1958 2970 2134 3034 nullo
2176 2976 2561 3054 perpetrato

1827 3094 2090 3159 poenam
2131 3091 2254 3157 pro
2298 3080 2365 3139 te
2411 3073 2606 3154 subii,

1743 3198 1846 3245 me
1893 3178 2306 3261 circumciso,
2352 3176 2574 3243 oblato

1830 3282 2044 3364 legem
2087 3299 2220 3346 non
2263 3280 2553 3365 praeterii
2566 3299 2587 3361 3

1830 3386 1961 3451 scis
2005 3384 2200 3449 homo
2214 3432 2232 3468 ,
2277 3403 2394 3450 cur
2437 3382 2505 3447 id
2550 3382 2676 3463 egi.

1745 3574 1914 3655 Quid
1955 3573 2323 3640 faciendum
2367 3590 2499 3638 non
2540 3571 2671 3636 feci

1830 3678 2024 3745 homo
2069 3696 2212 3743 cum
2254 3677 2617 3742 hominibus
2632 3674 2668 3741 8

1745 3788 1811 3847 te
1857 3780 2078 3863 docui,
2124 3788 2192 3843 te
2235 3778 2487 3862 perfeci

1829 3885 2049 3949 verbis
2096 3891 2163 3948 et
2208 3882 2546 3966 operibus,

1745 3990 2041 4073 corporis
2085 3989 2211 4053 mei
2255 3988 2457 4052 refeci

1829 4090 2120 4174 mysticis
2164 4096 2230 4153 te
2277 4087 2582 4172 dapibuS,

1834 4194 1988 4279 quid
2022 4180 2227 4259 homo'
2260 4195 2362 4258 vis
2407 4192 2680 4278 amplius
2696 4191 2735 4258 *ἓ

1741 4381 2016 4466 Spretns
2064 4403 2242 4447 eram
2284 4391 2355 4448 et
2399 4382 2695 4467 abjectus

1827 4485 2028 4549 veluti
2070 4503 2190 4549 vas
2234 4482 2591 4568 perditum,

1740 4588 1945 4671 sputis
1989 4605 2068 4652 ac
2110 4588 2326 4672 plagis
2373 4587 2647 4654 affectus

1824 4690 1996 4756 mala
2028 4690 2251 4776 ferens
2297 4691 2611 4776 omnium,

2912 2264 3003 2326 25

2914 2861 3003 2926 30

2917 3378 3009 3441 35

2917 3982 3005 4047 40
