3159 5259
393 289 485 357 3⁴

575 473 640 529 V.
678 476 724 527 1.
760 475 809 527 2.
844 472 895 529 6.
947 471 1206 528 Christus
1241 470 1440 526 similis
1476 470 1678 540 nostri,
1716 472 1951 543 aequalis
1986 472 2167 543 patri,
2203 472 2556 530 divinitatem
2587 490 2762 545 usque
2798 475 2882 532 ud
2916 476 3038 531 Ιιι-

395 574 563 617 mna
615 559 896 629 submisit,
949 558 1350 616 humanitatem
1404 574 1581 630 usqne
1627 559 1703 614 ad
1751 560 1945 615 divina
1988 561 2263 630 provexit.
2333 562 2494 617 uon.
2536 577 2606 618 m.
2651 578 2819 618 serm.
2864 565 2927 634 3,
2965 566 3036 621 2.

391 647 578 703 mundi
612 648 724 702 ima
753 646 957 718 petivit
989 647 1170 700 heizet
1201 644 1261 700 in
1295 645 1404 700 den
1439 646 1675 701 Menfien
1710 645 2088 718 regelmissig
2122 645 2545 723 συματάβασις.
2591 648 2721 705 Feb.
2758 652 2812 705 5.

565 735 634 792 V.
670 737 752 789 15.
792 736 873 789 16.
935 734 1037 788 Die
1084 734 1317 792 Menfien
1373 733 1490 790 Oct.
1539 734 1589 788 4.
1637 733 1887 790 driieken
1933 733 2053 789 dies
2100 751 2168 791 eo
2215 749 2348 791 aus:
2411 738 2579 799 θείας
2632 734 2854 808 φύσεως
2915 732 3033 794 οὐκ

395 818 686 899 ἐχωρίσθη
719 818 865 896 σὰρξ
896 817 1199 897 γενόμενος,
1234 819 1375 877 ἀλλὰ
1408 821 1553 885 θεὸς
1589 821 2032 899 ἐνανθρωπήσας
2061 826 2337 896 μεμένηκε.

572 911 639 967 V.
674 912 760 966 4⁷.
830 910 1155 984 contagium
1208 907 1303 967 ffir
1353 911 1646 968 Erbsiinde
1695 913 1799 969 hut
1849 914 1996 969 anch
2047 914 2152 970 das
2212 912 2510 983 gothiaehe
2561 913 2866 971 fleeebuch
2923 917 3034 973 bei
3137 919 3142 928 '

390 999 641 1059 Habillon
674 998 865 1070 liturg.
902 997 1043 1056 Gan.
1078 1013 1132 1069 p.
1164 997 1289 1053 231.

574 1086 642 1143 V.
677 1087 762 1142 85.
815 1085 977 1141 Weil
1011 1086 1115 1142 das
1151 1086 1331 1142 Wort
1364 1085 1642 1142 redemtio
1691 1086 1767 1141 im
1799 1087 2100 1161 Ursprung
2134 1089 2224 1145 ein
2260 1084 2754 1145 kaufmfinnischer
2788 1089 3042 1164 Begriff

387 1174 496 1245 ist,
545 1191 613 1231 so
650 1175 803 1230 steht
836 1174 961 1229 hier
995 1173 1399 1230 commercium.
1468 1173 1694 1229 Ebenso
1730 1179 1866 1247 eagt
1898 1175 2122 1230 Anselm.
2158 1177 2302 1232 Cant.
2339 1180 2486 1233 orat.
2520 1179 2603 1231 42.
2652 1193 2784 1234 vom
2819 1178 3029 1235 Kreuz

391 1263 635 1322 christi:
674 1262 882 1334 emptio
918 1262 1076 1318 nulla
1106 1264 1168 1317 in
1202 1265 1279 1330 te,
1314 1262 1503 1333 pretia
1539 1260 1696 1316 nulla
1734 1266 1865 1316 eunt
1898 1277 2007 1332 pro
2034 1265 2120 1332 te,
2157 1261 2502 1333 appretiatio
2537 1263 2694 1319 nulla
2728 1279 2908 1336 snper
2945 1273 3032 1323 te.

390 1350 497 1412 mit
541 1351 735 1423 Bezug
781 1348 890 1407 auf
927 1350 1018 1404 die
1065 1348 1351 1421 Erliisung
1398 1354 1569 1404 neunt
1612 1348 1897 1420 Angustia
1946 1349 2230 1407 Christum
2274 1351 2589 1407 manchmal
2633 1353 2796 1408 einen
2833 1353 3030 1411 Raus—

389 1453 587 1509 ωτι,
650 1454 698 1494 z.
733 1439 794 1494 Β.
833 1441 1020 1493 serm‘o
1056 1438 1143 1506 81,
1180 1440 1229 1492 5.
1274 1442 1532 1493 mortuns
1569 1440 1660 1493 eet
1695 1436 1981 1506 Christus,
2028 1442 2092 1492 ut
2127 1438 2511 1509 compensatio
2557 1436 2723 1495 fieret
2758 1440 3025 1500 caelestis

395 1527 690 1601 cuiusdam
722 1524 1082 1582 mercimonii.
1135 1524 1238 1580 Die
1274 1524 1547 1582 Griechen
1573 1523 1862 1579 brauchen
1890 1524 2151 1580 dusselbe
2177 1525 2335 1597 Bild,
2387 1526 2717 1599 πνευματικὴ
2748 1526 3024 1607 ἐμπορία.

393 1616 456 1678 S.
493 1618 752 1689 chrysost.
795 1632 925 1687 opp.
957 1615 1074 1683 xn,
1107 1617 1229 1669 329.
1279 1615 1364 1670 ed.
1400 1611 1781 1672 Hontfnucon.
1843 1612 1971 1685 Vgl.
2007 1615 2112 1671 No.
2147 1616 2235 1686 31,
2254 1620 2304 1671 7.

567 1704 633 1758 V.
668 1706 754 1759 93.
814 1700 1002 1760 fractu
1057 1700 1202 1758 Ditis
1256 1702 1435 1771 ostia,
1491 1697 1684 1758 Ἅιδου
1734 1698 1805 1756 τὰ
1860 1702 2096 1778 κλεῖθρα
2148 1702 2229 1775 τῷ
2277 1699 2465 1779 κράτει
2515 1723 2621 1759 σου
2671 1701 3020 1762 διαλύοντα.

390 1793 586 1853 namet
616 1793 668 1860 3,
704 1793 792 1845 75.

566 1878 635 1932 V.
653 1881 739 1934 97.
765 1880 848 1932 99.
877 1878 1008 1932 Dies
1031 1879 1229 1931 noster
1255 1875 1510 1932 dominus
1535 1872 1794 1931 Christus
1825 1890 1939 1930 non
1970 1872 2112 1931 facIt
2139 1891 2416 1932 occasum.
2469 1875 2525 1932 S.
2544 1878 2815 1949 Auymtim‘
2842 1895 3020 1936 serm.

391 1967 515 2036 1⁸10,
553 1967 636 2020 10.
690 1965 948 2023 Christus
975 1965 1053 2019 ist
1077 1964 1178 2019 der
1206 1964 1330 2035 'fag
1357 1963 1459 2017 der
1485 1962 1655 2019 Seele
1681 1961 1794 2017 und
1821 1962 1920 2018 der
1947 1962 2147 2018 Teufel
2173 1964 2262 2018 die
2290 1965 2487 2020 Nacht.
2521 1964 2651 2037 Vgl.
2678 1966 2783 2022 No.
2811 1969 2907 2038 30,
2927 1972 3022 2024 31.

563 2056 630 2112 V.
668 2059 785 2111 123.
822 2058 942 2110 124.
994 2054 1148 2109 cives
1196 2053 1472 2109 caelestes.
1540 2054 1656 2109 Der
1703 2053 2002 2111 Auedrnck
2048 2054 2203 2110 cives
2250 2056 2402 2112 wird
2445 2056 2879 2129 vorzugsweise
2915 2056 3022 2114 fiir

389 2144 484 2202 die
518 2144 752 2217 Seligen
788 2143 1127 2218 gebraucht,
1174 2140 1269 2197 fiir
1296 2142 1385 2196 die
1421 2139 1720 2199 menschen
1757 2139 1865 2197 auf
1889 2142 2076 2198 Erden
2112 2142 2304 2198 exules
2343 2143 2483 2198 oder
2518 2144 3020 2216 peregrinator-es,

389 2231 568 2288 daher
616 2237 749 2305 sagt
795 2233 1014 2304 (ἕτερον.
1061 2230 1190 2286 Naz.
1238 2236 1380 2285 orat.
1436 2231 1504 2284 16
1550 2247 1605 2301 p.
1650 2231 1772 2285 252.
1820 2247 1935 2286 von
1981 2231 2085 2286 der
2131 2230 2414 2287 irdischen
2461 2231 2576 2286 und
2619 2230 3020 2289 himmlischen

390 2318 731 2393 Wohnung:
788 2316 824 2392 ἦ
860 2319 1003 2376 κάτω
1040 2318 1199 2390 σκηνὴ
1237 2321 1328 2372 καὶ
1376 2314 1409 2391 ἡ
1451 2315 1560 2374 ἄνω
1600 2318 1760 2383 πόλις
1807 2320 1864 2374 in
1904 2321 2096 2393 Bezug
2144 2317 2251 2375 auf
2289 2321 2393 2376 das
2439 2320 2788 2375 himmlische
2836 2321 3016 2378 Jeru-

389 2408 582 2478 salem,
617 2409 888 2465 woriiber
921 2409 980 2462 in
1017 2408 1123 2463 den
1158 2407 1413 2477 Hymnen
1447 2407 1711 2462 manches
1746 2406 2081 2463 vorkommt
2136 2409 2322 2464 Daher
2355 2408 2508 2463 wird
2542 2408 2689 2464 auch
2728 2408 2833 2463 das
2874 2410 3019 2466 irdi-

389 2496 524 2552 eche
570 2496 758 2551 Leben
808 2497 910 2551 der
956 2495 1106 2551 Stall
1153 2497 1311 2553 einer
1356 2497 1651 2570 Hel-berge
1699 2505 1972 2571 genennt:
2036 2500 2211 2558 Utere
2257 2499 2489 2569 mundo,
2543 2515 2658 2554 non
2705 2502 2762 2552 te
2813 2499 3021 2570 capiat

388 2584 636 2639 mundus,
691 2584 852 2650 Quod
888 2585 1139 2654 intrasti,
1186 2586 1299 2640 iter
1335 2586 1490 2658 agis;
1551 2586 1800 2642 exiturus
1836 2588 2070 2657 venisti,
2122 2604 2237 2643 non
2274 2602 2664 2656 remansurus3
2709 2585 2822 2641 iter
2861 2587 3019 2659 agis,

389 2668 672 2725 stabulum
716 2674 805 2724 est
851 2672 973 2725 haec
1018 2671 1153 2726 vita.
1216 2676 1424 2745 Anqust.
1458 2673 1517 2728 in
1553 2690 1755 2746 evang.
1807 2674 1934 2730 Joh.
1970 2676 2056 2743 40,
2095 2678 2176 2729 10.
2250 2671 2381 2737 ὁδὸς
2421 2674 2530 2751 γὰρ
2579 2669 2612 2730 ὁ
2648 2673 2844 2750 παρών
2883 2676 3022 2750 βίος

390 2757 523 2812 τοτε.
574 2758 825 2830 chrysost.
864 2758 933 2812 de
969 2775 1013 2812 s.
1047 2760 1206 2817 Dros.
1242 2765 1291 2816 1.
1345 2763 1607 2834 Anyti-stin.
1636 2761 1707 2816 de
1736 2777 1898 2815 serm.
1925 2760 2067 2816 dom.
2097 2764 2145 2830 1,
2182 2764 2265 2817 32.
2302 2762 2360 2816 in
2396 2764 2503 2817 hac
2538 2761 2649 2831 via,
2687 2762 2798 2817 hoc
2825 2769 2922 2818 est
2949 2765 3018 2820 in

389 2844 499 2899 hac
525 2845 658 2900 vite.
696 2846 912 2917 Greyor.
948 2848 1018 2902 M.
1052 2847 1197 2903 hom.
1231 2848 1290 2903 in
1327 2865 1411 2904 ev.
1450 2852 1499 2918 1,
1537 2852 1587 2917 1,
1624 2851 1673 2903 3.
1743 2848 1887 2915 Quid
1913 2854 2004 2904 est
2036 2848 2157 2904 vita
2189 2849 2474 2916 mortalis,
2513 2850 2621 2906 nisi
2657 2850 2794 2905 via?
2849 2851 3022 2907 Nihil

394 2930 551 2987 aliud
585 2931 643 2988 in
677 2932 785 2988 hac
819 2934 954 2988 vitae
990 2939 1204 2989 nostrae
1240 2936 1697 3008 peregrinatione
1732 2935 2077 3004 meditemur,
2116 2935 2224 2991 nisi
2259 2937 2390 3007 quia
2426 2942 2484 2993 et
2518 2937 2610 2991 hic
2638 2953 2748 2992 non
2779 2953 3021 3010 semper

391 3021 613 3092 etimne,
651 3026 710 3077 et
744 3022 823 3076 ibi
850 3022 1013 3077 nobis
1042 3021 1230 3077 locum
1255 3023 1398 3078 bene
1433 3019 1679 3078 vivendo
1706 3022 2167 3094 praeparabmu3‚
2203 3025 2349 3078 unde
2378 3040 2655 3096 nunquam
2680 3023 3021 3096 migremus.

390 3110 652 3182 Λαμπετίη.
686 3111 744 3165 in
784 3126 982 3182 evang.
1018 3111 1145 3166 Joh.
1182 3113 1267 3165 32.
1306 3112 1338 3177 §
1375 3113 1423 3166 9.
1505 3112 1564 3166 In
1602 3111 1871 3182 praesenti
1909 3111 2029 3166 vita
2074 3110 2235 3182 quasi
2270 3111 2329 3166 in
2363 3111 2457 3167 via
2495 3127 2709 3182 summ,
2773 3127 2894 3184 qua
2931 3115 3014 3171 ad

390 3199 635 3269 patriam
668 3199 971 3271 pergimus.
1027 3200 1244 3271 Gregor.
1279 3200 1350 3255 M.
1387 3199 1532 3254 hom.
1567 3200 1626 3254 in
1661 3215 1745 3254 ev.
1783 3202 1833 3268 1,
1871 3202 1954 3269 11,
1992 3202 2040 3253 1.

1176 3481 1297 3555 26.
1369 3483 1701 3582 Hymnus
1755 3480 1843 3554 de
1899 3480 2211 3556 Christo.

392 3647 489 3714 Te
535 3646 793 3714 Christe
837 3649 1042 3734 patris
1088 3650 1286 3718 filium
1749 3663 1941 3741 pater
1985 3659 2192 3723 verbo
2238 3654 2451 3721 omnia
2494 3675 2755 3738 creanS,

393 3752 516 3818 sibi
562 3752 759 3818 credo
804 3760 1228 3836 coaeternum,
1748 3758 2089 3826 vivificans
2132 3769 2381 3827 cuncta.

393 3858 666 3921 verbnm
710 3864 778 3919 et
819 3857 1139 3939 sapientia

396 4008 413 4025 .
459 4010 475 4026 .
521 4009 536 4024 .
582 4008 599 4023 .
643 3960 847 4044 patris
892 4006 908 4023 .
955 4008 968 4022 .
1014 3960 1166 4024 nati.
1747 3918 1862 3986 Ad
1907 3941 2089 3988 suam
2132 3941 2386 4006 quoque
2432 3920 2753 3987 hominem

1746 4026 1903 4091 fecit
1945 4025 2105 4091 deus
2148 4027 2522 4110 imaginem,

394 4121 705 4189 Sanctum
750 4144 1010 4210 quoque
1053 4127 1439 4212 paraclitum
1600 4130 1641 4190 5
1748 4131 1998 4194 eunctis
2041 4131 2218 4194 illum
2260 4129 2662 4214 praeficienS,
2923 4135 3014 4197 15

392 4229 595 4312 patri,
640 4238 823 4313 nato,
870 4239 1264 4297 coaeternum
1592 4308 1596 4312 ‚
1746 4229 1832 4299 nt
1861 4254 1932 4298 se
1978 4235 2184 4300 solnm
2229 4243 2405 4300 esset
2448 4236 2685 4300 colens,

391 4330 593 4398 credo
641 4340 705 4397 et
750 4336 1065 4402 confiteor
1079 4386 1096 4420 ,

391 4435 626 4502 trinum
669 4445 736 4501 et
779 4458 971 4504 unum
1015 4431 1352 4506 dominum.

1745 4399 1932 4468 Hunc
1976 4401 2293 4484 serpentis
2337 4400 2582 4466 invidia

1745 4501 1875 4568 heu
1920 4503 2160 4589 decipit
2202 4526 2442 4589 prava,

388 4598 694 4666 Personis
741 4603 850 4686 qui
894 4622 1035 4669 cum
1081 4607 1162 4671 sit
1206 4607 1438 4692 trinuS,
1742 4606 1996 4691 pellens
2039 4607 2377 4694 paradiso,

391 4703 631 4773 deitate
676 4708 796 4775 sed
839 4718 940 4777 est
982 4728 1164 4777 unus.
1556 4710 1638 4775 10
1741 4709 2045 4776 tradebat
2089 4729 2343 4795 quoque
2386 4707 2722 4780 barathro.
2915 4711 3014 4780 20
