3159 5259
171 478 280 545 ‘Da
325 494 672 541 memorem
717 476 900 558 quasi
944 494 1193 560 rorem,
1538 472 1736 556 ἔθευ,
1780 492 1902 538 rex
1928 473 2452 558 clementissime,

180 586 253 646 ut
295 587 361 644 te
406 579 714 662 plangam
757 577 1237 659 redemptorem
1303 577 1433 642 410
1537 595 1694 662 spes
1739 575 2148 660 desperantis
2185 578 2447 659 animae,

266 679 522 761 Jesum,
569 679 676 761 qui
718 699 822 743 me
867 680 1164 762 refoves,
1626 683 1839 746 crucis
1883 687 1951 745 et
1992 679 2386 765 praesidium,

176 782 677 866 contemplando
722 783 1062 847 cicatrices
1537 788 1702 865 esto,
1750 780 2009 863 quando
2058 801 2132 846 es
2174 787 2487 845 venturus

175 895 440 952 sanctas
483 892 631 951 tuas
677 904 900 951 omnes
945 886 1128 951 vices
1535 885 1839 950 mundum
1884 894 1952 950 et
1986 886 2426 969 judicaturus,

262 988 464 1051 vitam
507 985 575 1051 in
616 1006 721 1052 me
765 1006 1066 1053 renoves.
1622 1006 1961 1071 meumque
2004 987 2344 1070 refugium.

172 1194 366 1279 ἔθευ,
413 1215 659 1262 summa
701 1197 1102 1279 benignitas,
1298 1197 1429 1261 415
1535 1199 1730 1282 ἔθευ,
1775 1206 2035 1265 creator
2085 1200 2355 1283 optime,

172 1299 717 1382 incomprehensa
759 1298 1049 1379 bonitas,
1535 1304 1841 1369 mundum
1885 1305 2148 1388 replens
2194 1302 2537 1368 dulcedine

260 1399 572 1465 miserere
615 1398 744 1461 mei
787 1398 913 1479 rei3
1624 1414 1739 1471 tua
1783 1414 2009 1472 sancta
2053 1408 2297 1490 gratia,
2480 1396 2488 1404 ’

175 1522 287 1570 oro
330 1501 593 1585 supplex
635 1505 703 1566 ut
747 1501 1006 1567 acolinis
1020 1548 1039 1584 ,
1534 1508 1870 1590 confutatis
1910 1508 2255 1573 maledictis

173 1625 283 1673 cor
326 1610 658 1672 contritum
701 1610 883 1688 quasi
924 1609 1099 1686 cinis,
1534 1630 1694 1677 voca
1735 1629 1837 1675 me
1870 1628 2013 1674 cum
2058 1610 2390 1675 benedictis

189 1718 196 1724 “
257 1728 406 1792 yere
447 1728 669 1775 euram
709 1709 858 1789 finis
899 1713 1038 1775 mei-
1298 1709 1431 1777 420
1620 1713 1690 1777 in
1733 1720 1981 1777 aeterna
2022 1712 2256 1795 patria.

170 1923 363 2005 ἔθευ,
410 1942 563 2006 spes
612 1923 1040 2007 militantium,
1533 1922 1691 1988 Jesu
1730 1926 1859 2005 pie,
1902 1923 2238 1988 recordare

172 2024 535 2091 consolatio
579 2025 867 2107 gentium
885 2071 903 2107 ,
1531 2032 1666 2092 tuae
1710 2025 2034 2109 passionis
2081 2044 2289 2108 carae,

258 2128 369 2209 qui
411 2127 641 2192 volens
679 2127 1080 2194 conclavari:
1620 2148 1726 2192 me
1770 2128 2009 2192 exandi
2051 2127 2280 2209 hodie,

170 2250 256 2295 ne
298 2249 402 2295 me
446 2230 723 2314 perdas,
769 2229 889 2295 sed
933 2249 1219 2314 regnare
1529 2230 1643 2315 qui
1686 2250 1761 2295 es
1803 2239 2169 2296 sanctorum
2216 2230 2540 2315 gaudium,

173 2334 282 2400 fac
326 2353 472 2400 cum
514 2335 671 2418 tuis,
717 2334 880 2401 Jesu
925 2353 1112 2419 care,
1295 2333 1427 2401 425
1527 2335 1731 2400 vitale
1782 2335 1942 2399 tolle
1984 2335 2265 2417 noxium,

253 2439 321 2503 in
373 2438 555 2504 coelis
600 2438 886 2521 gloriari.
1618 2437 1783 2503 dans
1826 2439 2040 2503 locum
2084 2437 2462 2504 clementiae.

165 2652 351 2736 ἔθευ,
385 2654 588 2733 judea>
630 2652 915 2732 ultionis,
1526 2652 1722 2735 ἔθευ,
1758 2655 1952 2737 panis
1996 2653 2387 2733 angelorum,

164 2759 251 2824 da
293 2757 524 2821 donum
566 2759 954 2822 remissionis
1523 2755 1735 2839 faetus
1778 2757 1950 2821 cibus
1994 2761 2334 2836 viatorum,

252 2857 320 2921 in
365 2856 471 2919 die
506 2855 774 2939 judicii:
1614 2877 1743 2924 non
1784 2861 2116 2924 mittendus
2159 2860 2435 2937 canibus,

162 2963 502 3027 lacrimosa
545 2961 680 3025 dies
721 2957 867 3036 illa,
1292 2955 1423 3022 430
1528 2963 1688 3028 bone
1726 2966 1975 3043 pastor,
2017 2966 2208 3044 panis
2250 2978 2421 3041 vere,

163 3081 307 3129 cum
349 3078 676 3142 resurqam
720 3080 799 3127 esc
837 3060 1091 3144 favilla,
1527 3066 1597 3129 tu
1637 3081 1738 3127 me
1767 3080 1962 3145 pasce
1996 3070 2053 3128 et
2090 3068 2264 3127 tuere

251 3173 396 3231 esto
440 3184 596 3249 spes
641 3162 897 3247 refugii.
1612 3165 1682 3230 in
1723 3166 1826 3229 his
1870 3156 2378 3249 tempestatibus.

161 3379 358 3462 ἔθευ,
396 3377 674 3444 dulcedo
721 3375 1041 3458 cordium,
1521 3379 1688 3448 ἔθευ
1732 3377 2022 3463 Clu-iste,
2072 3378 2447 3460 Nazarene‚

159 3490 232 3549 tu
276 3485 549 3548 verbum
597 3479 1069 3562 suavissimum,
1520 3483 1632 3549 fao
1672 3504 1777 3548 me
1823 3491 1888 3547 te
1938 3482 2166 3548 videre
2211 3485 2406 3567 plene
2419 3529 2437 3565 ‚

247 3587 339 3650 sis
383 3585 538 3649 mihi
580 3585 937 3670 propitius:
1283 3581 1416 3646 435
1608 3606 1752 3654 oum
1793 3592 2039 3655 veneris
2072 3590 2398 3670 judicare,

142 3690 535 3771 judicandus
578 3689 759 3754 homo
801 3704 976 3767 reus,
1520 3694 1691 3761 inter
1735 3709 1882 3759 oves
1925 3692 2126 3758 locum
2164 3696 2402 3775 proesta

158 3806 202 3854 o
245 3790 504 3871 roganti
542 3788 768 3872 parce,
814 3790 994 3869 deus,
1521 3800 1584 3863 et
1624 3797 1705 3862 ab
1749 3797 1941 3864 hoedis
1984 3814 2085 3862 me
2126 3798 2477 3878 sequestra,

244 3912 329 3957 ne
373 3894 658 3977 perimat
701 3893 936 3959 aerius.
1610 3898 1699 3964 ad
1742 3898 2079 3964 dexteram
2125 3897 2472 3962 collocare.

153 4116 348 4198 ἔθευ,
392 4117 506 4181 lux
555 4115 893 4182 invisibilis
907 4162 926 4198 ‚
1514 4118 1703 4199 Jesu,
1747 4119 2028 4186 salvator
2071 4121 2314 4202 soeculi,

155 4236 338 4284 amor
382 4217 889 4300 inextinguibilis
1281 4214 1411 4280 440
1511 4221 1770 4285 remitte
1813 4239 1960 4285 meo
2006 4221 2179 4286 actui
2198 4269 2215 4303 ‚

244 4329 311 4387 et
356 4321 574 4405 palma
621 4320 1038 4402 certantium,
1601 4323 1959 4406 ingemisco
2004 4333 2075 4389 ut
2118 4343 2304 4406 reus;

142 4443 368 4511 preces
410 4444 563 4490 meoe
605 4443 733 4491 non
773 4429 920 4488 sunt
962 4424 1188 4505 diqnoe,
1515 4429 1623 4510 qui
1663 4425 1943 4493 Mariam
1986 4427 2307 4493 absolvisti

145 4530 264 4598 sed
304 4532 384 4608 tu,
430 4527 599 4608 Jesu,
633 4526 742 4608 fae
787 4528 1060 4608 benique,
1514 4533 1575 4596 et
1618 4530 1922 4595 mironem
1968 4533 2301 4611 ezcaudisti,

233 4653 277 4701 o
322 4635 498 4699 salus
542 4631 901 4716 amantium.
1599 4631 1867 4716 indulge
1910 4634 2093 4715 mihi,
2141 4633 2318 4699 deus.

2665 288 2800 352 8⁴0

2664 476 2793 545 445

2659 987 2793 1051 450

2657 1607 2787 1670 455

2654 2232 2785 2297 460

2649 2857 2781 2921 465

2651 3480 2785 3546 470

2643 4120 2773 4183 475

2643 4634 2771 4703 480
