3159 5259
400 296 535 365 112

1204 530 1335 618 84.
1396 542 1514 615 De
1556 541 1888 643 passione
1942 536 2223 610 domini.

1240 702 1341 775 ad
1383 707 1813 773 maturanum.
1868 698 2183 795 hymnus.

402 851 481 919 In
523 851 827 936 passione
873 846 1139 936 domini,
1763 852 1925 918 Haec
1970 849 2184 915 omnia
2227 865 2347 911 nos
2393 847 2629 911 satient

406 974 539 1038 qua
572 952 773 1017 datur
816 953 992 1021 salus
1034 954 1311 1042 homini,
1764 961 1833 1018 et
1876 952 2148 1018 duleiter
2194 948 2543 1031 inebrient,

407 1059 493 1121 sit
534 1057 764 1123 mentis
782 1052 806 1094 ¹
848 1059 1267 1141 refrigerium
1762 1075 1882 1121 nos
1918 1055 2218 1139 repleant
2260 1053 2608 1117 virtutibus
2943 1054 3032 1115 15

404 1168 477 1225 et
520 1160 735 1224 sordis
781 1160 1189 1226 desiderium.
1763 1168 1831 1226 et
1875 1160 2181 1244 gloriosis
2228 1157 2560 1222 fructibus.

402 1322 741 1388 Portemus
781 1325 848 1388 in
882 1325 1195 1389 memoria
1615 1325 1654 1385 5
1764 1326 1858 1390 Te
1903 1325 2283 1392 crucifixum
2327 1324 2594 1389 colimus

404 1426 668 1491 dolores
713 1436 778 1492 et
821 1430 1176 1512 opprobria
1200 1422 1263 1509 ²,
1762 1438 1831 1495 et
1865 1437 2003 1493 toto
2050 1429 2249 1495 eorde
2294 1428 2652 1512 poscimus,

404 1530 647 1596 Christi
692 1550 997 1596 eoronam
1046 1533 1369 1615 spineam,
1760 1538 1834 1613 nt
1877 1549 1997 1594 nos
2043 1537 2411 1595 sanctorum
2458 1529 2728 1594 coetibus

403 1648 694 1718 crucem,
742 1637 963 1702 elavos
1010 1642 1075 1699 et
1117 1630 1443 1716 lanceam,
1661 1644 1670 1649 ”
1761 1632 2123 1717 conjungas
2168 1633 2233 1695 in
2281 1632 2663 1697 caelestibus.
2937 1632 3023 1695 20

399 1798 489 1868 Et
530 1801 765 1885 plagas
810 1799 1277 1887 sacratissimas
1760 1794 1970 1878 LauS,
2018 1794 2227 1859 honor
2274 1793 2534 1858 Christo
2579 1791 2848 1856 vendito

403 1905 577 1968 omni
618 1904 810 1967 laude
856 1902 1296 1985 dignissimas,
1569 1900 1651 1963 10
1761 1909 1828 1964 et
1873 1901 2010 1964 sine
2058 1918 2254 1964 causa
2299 1898 2559 1982 prodito
2583 1893 2640 1980 ⁴,

402 2015 686 2087 acetum,
730 2006 850 2089 fel,
897 2004 1303 2085 arundinem,
1757 2022 1954 2089 passo
2002 2012 2269 2068 mortem
2316 2022 2438 2087 pro
2482 2001 2727 2088 populo

401 2110 628 2176 mortis
651 2106 680 2149 ³
724 2110 1224 2174 amaritudinem.
1756 2107 1822 2170 in
1872 2125 2110 2190 aspero
2154 2106 2467 2191 patibulo.
2735 2108 2744 2117 ”

576 2295 1093 2367 strasburga-11⁸.
1130 2294 1275 2351 ohne
1304 2293 1581 2362 Namnet,
1619 2292 1786 2363 Perg.
1821 2292 1879 2347 in
1906 2292 2149 2360 Duodez,
2181 2295 2249 2346 14
2274 2292 2467 2348 Jahrh.
2506 2290 2627 2361 (S).
2667 2287 3020 2345 Karlsruher

393 2385 562 2458 Perg.
599 2386 692 2441 Hs.
729 2387 873 2440 ohne
907 2385 1196 2451 Nummer,
1232 2383 1315 2436 Bl.
1352 2383 1424 2435 29
1476 2382 1577 2435 mit
1612 2382 1712 2435 der
1745 2379 2017 2447 Melodie,
2074 2381 2143 2433 14
2177 2380 2372 2436 Jahrh.
2430 2380 2559 2449 (K).
2630 2378 2766 2432 Eine
2805 2377 3021 2431 andere

392 2475 740 2530 Karlsruher
775 2472 871 2528 Hs.
907 2474 1119 2528 stimmt
1153 2470 1258 2526 mit
1293 2470 1482 2524 dieser
1518 2473 1664 2541 ganz
1706 2469 1954 2537 iiberein,
1991 2470 2092 2522 hat
2126 2467 2265 2524 aber
2301 2467 2401 2522 das
2437 2466 2573 2521 Lied
2608 2463 2716 2521 auf
2741 2465 2844 2519 das
2880 2465 3027 2521 Fest

398 2560 471 2616 de
506 2561 702 2632 spinea
736 2576 978 2630 corona,
1027 2559 1099 2614 ad
1135 2557 1575 2630 completorium.
1646 2558 1758 2612 Das
1794 2557 1932 2613 Lied
1966 2557 2042 2612 ist
2076 2573 2190 2611 von
2227 2557 2350 2615 dem
2376 2557 2426 2611 h.
2465 2556 2867 2612 Bonaventura
2905 2553 3022 2609 und

392 2653 550 2708 steht
602 2651 659 2704 in
713 2651 905 2705 seinen
957 2650 1213 2704 Werken
1261 2649 1317 2703 in
1373 2649 1498 2703 dem
1553 2646 1803 2703 officium
1861 2648 1928 2703 de
1977 2645 2241 2717 passione
2293 2644 2500 2700 domini
2533 2644 2670 2711 xm,
2707 2644 2827 2697 220.
2885 2644 3018 2712 (Β).

392 2739 778 2797 Reiehenauer
826 2739 918 2792 Hs.
967 2737 1077 2793 No.
1124 2738 1213 2792 36.
1259 2736 1342 2791 Bl.
1393 2738 1479 2791 65.
1529 2736 1655 2806 (R).
1727 2738 1844 2791 Den
1878 2733 2110 2805 Anfang
2158 2734 2283 2806 gibt
2315 2732 2517 2789 Daniel
2567 2735 2616 2801 1,
2651 2732 2773 2785 301.
2846 2730 3022 2787 Steht

393 2827 542 2885 auch
575 2826 650 2882 im
686 2825 955 2881 Hortalus
990 2825 1203 2881 animae.
1257 2824 1341 2880 Bl.
1376 2825 1460 2879 26.
1507 2825 1640 2894 (H).

577 2947 602 2985 ¹
645 2946 965 3001 undeutlich
1009 2946 1180 3001 menti
1232 2946 1290 3001 in
1336 2946 1396 3002 S.
1444 2943 1613 3000 daffir
1661 2951 1934 3002 nostrum·
1960 2946 2169 3001 BRKH.
2267 2945 2291 2983 ²
2337 2960 2535 3016 poenas
2585 2948 2752 3015 sputa
2797 2959 2894 3014 op.
2934 2944 3018 3015 ‚Rq

391 3050 593 3108 poenas
642 3035 771 3105 KH,
835 3042 999 3106 atque
1048 3036 1114 3089 K.
1214 3033 1239 3072 ³
1290 3038 1350 3089 et
1399 3041 1565 3090 mort.
1621 3034 1778 3089 RBS.
1873 3034 1902 3073 ⁴
1956 3034 2182 3104 perdito
2236 3034 2313 3103 R,
2375 3030 2559 3088 nostri
2612 3046 2785 3086 causa
2839 3048 2897 3103 p.
2954 3032 3018 3087 B.

398 3124 466 3181 V.
504 3125 737 3179 17-20
780 3121 969 3179 fehlen
1006 3125 1072 3179 K.
2957 3146 2968 3159 ν

568 3243 634 3299 V.
673 3247 753 3298 14.
810 3243 1090 3299 inebriare
1139 3243 1316 3299 heisst
1368 3243 1424 3299 in
1472 3244 1577 3299 den
1612 3243 2070 3300 Kirehenliedern
2120 3242 2444 3315 gewonlich
2490 3242 2808 3312 beqeistem.‘
2857 3241 3020 3297 Deus

393 3324 467 3386 de
502 3329 637 3385 vino
674 3330 941 3385 invisibili
973 3330 1213 3385 inebriet
1249 3348 1368 3386 nos.
1423 3334 1633 3404 Auyust.
1670 3334 1727 3387 in
1763 3349 1961 3404 evang.
1996 3333 2122 3388 Joh.
2160 3336 2209 3400 1,
2247 3332 2293 3386 8.
2332 3335 2365 3399 §
2402 3332 2450 3386 3.
2505 3329 2578 3384 Es
2614 3330 2689 3384 ist
2729 3331 2821 3384 ein
2857 3330 3017 3386 alter

395 3417 938 3489 Sprachgebrauch‚
1003 3416 1110 3472 den
1156 3420 1502 3492 Augustinus
1544 3414 1617 3475 'so
1666 3420 1905 3475 erkliirt:
1969 3420 2065 3491 qui
2100 3419 2328 3474 laetatur
2366 3419 2426 3472 in
2461 3418 2686 3473 domino
2724 3422 2782 3472 et
2818 3422 3024 3473 cantat

392 3502 592 3558 laudes
630 3502 853 3559 domino
888 3520 1094 3576 magna
1132 3507 1534 3577 exsultatione,
1571 3523 1756 3565 nonne
1792 3507 1953 3563 ebrio
1990 3506 2185 3561 similis
2222 3507 2350 3561 est?
2403 3506 2588 3577 probo
2624 3506 2789 3560 istam
2826 3505 3018 3560 ebrie-

389 3594 580 3646 tatem.
637 3589 838 3646 Sermo
874 3594 1006 3660 225,
1042 3595 1089 3646 4.
1177 3593 1263 3650 Da
1317 3595 1577 3651 Christus
1630 3593 1730 3649 der
1782 3594 2120 3650 Weinstock
2172 3593 2284 3649 und
2336 3593 2511 3648 Wein
2561 3593 2669 3661 ist,
2730 3592 2846 3647 wie
2903 3593 3030 3661 das,

393 3677 782 3734 Waizenkorn
828 3680 941 3735 und
986 3681 1162 3753 Brot,
1222 3698 1291 3737 so
1339 3688 1473 3754 sagt
1518 3683 1864 3754 Augustinus
1914 3683 2192 3738 daselbst:
2255 3683 2437 3739 bonus
2486 3681 2696 3750 hospes
2731 3695 2842 3734 vos
2882 3697 3014 3735 esu-

389 3766 604 3822 rientes
639 3767 868 3837 invenit,
902 3769 1086 3839 pascit
1120 3786 1255 3839 vos3
1290 3769 1546 3824 sitientes
1582 3770 1810 3839 invenit,
1847 3770 2088 3825 inebriat
2122 3786 2245 3824 voS.
2298 3769 2411 3823 Das
2448 3767 2627 3822 Wort
2663 3765 2835 3837 spielt
2862 3767 3022 3823 auch

390 3867 471 3909 an
514 3850 620 3907 auf
658 3853 763 3908 den
812 3853 863 3907 h.
900 3853 1057 3911 Geist
1075 3895 1089 3924 ,
1154 3857 1333 3915 durch
1368 3858 1570 3913 dessen
1604 3857 1882 3930 Empsang
1933 3860 2019 3915 die
2054 3859 2294 3931 Apostel
2329 3858 2436 3912 den
2470 3856 2654 3913 Juden
2690 3856 3018 3911 betrunken

389 3940 667 3996 sehienen.
736 3943 857 3999 Aet.
894 3949 1075 4014 apost.
1109 3948 1162 4014 2,
1199 3948 1282 4001 13.
1353 3946 1537 4003 Damit
1570 3963 1697 4003 man
1735 3947 1841 4003 den
1877 3947 2174 4004 Ausdruek
2208 3948 2360 4002 nicht
2396 3943 2695 4001 missdeute
2717 3983 2731 4011 ,
2768 3959 2835 3997 so
2875 3949 3018 4015 sagt

387 4030 735 4101 Augustinus
786 4028 954 4086 dafiir
1000 4034 1145 4087 auch
1194 4033 1440 4089 ebrietas
1476 4033 1686 4089 sobria.
1739 4034 1940 4091 Sermo
1977 4037 2062 4111 34,
2100 4038 2150 4089 2.
2220 4038 2462 4091 Athanas-
2516 4032 2574 4087 in
2609 4048 2689 4101 ps.
2727 4031 2798 4084 80
2832 4034 3017 4086 neunt

389 4117 672 4174 Christum
705 4116 798 4175 τόν
832 4112 980 4176 οἶνον
1014 4119 1113 4190 τῆς
1149 4117 1520 4197 εὐφροσύνης,
1584 4122 1697 4177 und
1747 4121 1965 4177 erkliirt
2011 4122 2154 4176 auch
2203 4138 2285 4193 ps.
2322 4124 2443 4191 103,
2479 4123 2563 4175 32.
2600 4120 2789 4174 vinum
2823 4118 3018 4173 durch

388 4204 663 4264 Christus.

1396 4429 1519 4505 85..
1592 4432 1692 4504 ad
1733 4429 2001 4501 laudes.

388 4607 717 4679 Christum
761 4611 1020 4699 ducem,
1066 4614 1174 4699 qui
1215 4636 1337 4700 per
1380 4635 1639 4682 crucem
1740 4613 1961 4679 laudet
2003 4614 2191 4679 laetus
2235 4620 2456 4679 noster
2494 4620 2697 4679 ooetus
2711 4659 2732 4695 ,

468 4717 745 4784 redemit
788 4735 908 4785 nos
952 4721 1036 4785 ab
1080 4717 1405 4804 hostibus,
1827 4718 2054 4787 exultet
2095 4719 2313 4788 coelum
2355 4718 2658 4786 laudibus.
