3159 5259
318 482 386 537 V.
421 485 576 537 1-4.
628 483 805 539 Festa
836 497 1100 554 superna
1133 484 1341 556 patrio
1376 490 1548 542 nennt
1582 484 1670 542 sie
1705 485 1927 557 (ἕτερον.
1962 488 2033 543 Μ.
2069 486 2259 544 homil.
2295 489 2354 546 in
2389 503 2478 546 ev.
2512 491 2566 560 2,
2591 492 2679 561 27,
2703 493 2762 552 4.

319 569 386 623 V.
424 569 507 624 18.
558 568 774 625 civitas.
830 570 1053 630 Currite
1090 571 1369 628 velociter
1408 577 1621 628 rectam
1657 573 1837 644 viam,
1891 574 2018 645 ipsa
2067 575 2212 634 enim
2250 592 2355 634 vos
2391 577 2650 650 perducit
2685 578 2762 638 ad

147 658 421 727 patriam,
457 656 532 710 ad
566 655 723 712 inam
759 657 1032 730 patriam,
1071 659 1236 731 cujus
1273 658 1427 714 cives
1462 658 1656 731 angeli
1692 666 1848 729 sunt,
1886 661 2050 733 eujus
2088 661 2356 730 templum
2392 661 2561 732 dens,
2598 665 2763 738 eujus

145 742 417 812 splendor
450 739 630 812 filius,
681 743 845 816 eujus
883 744 1095 799 caritas
1131 744 1365 815 spiritus
1401 749 1659 800 sanetus:
1710 744 1914 800 civitas
1950 753 2178 816 sancta,
2215 746 2418 803 civitas
2454 748 2651 819 beata,
2688 749 2767 805 ei-

148 830 331 900 vitas,
383 831 481 886 ubi
516 830 706 885 nullus
741 830 892 902 perit
926 831 1166 902 amiens,
1219 846 1332 902 qno
1369 831 1558 886 nullus
1593 830 1906 887 admittitur
1941 832 2225 904 inimicum
2287 834 2386 892 ubi
2420 834 2607 890 mallus
2642 849 2763 893 mo·

140 917 314 986 ritur,
380 918 513 989 quia
560 917 748 973 nullus
796 919 1007 988 oritur;
1068 918 1258 975 nullus
1306 913 1648 987 infirmatur,
1713 918 1846 989 quia
1891 918 2226 991 incorrupta
2284 921 2468 977 salute
2517 920 2764 978 laetatur.

140 1005 407 1076 Auqnmin.
442 1004 511 1060 de
548 1009 695 1064 cant.
733 1020 895 1062 novo·
928 1005 1012 1060 10.

796 1287 968 1363 283.
1040 1287 1455 1360 Dormitum
1511 1284 1810 1357 dicenda
1858 1288 2107 1358 oratio.

139 1489 196 1556 Ο
241 1490 448 1556 Jhesu
488 1492 893 1576 dulcissime,
1503 1491 1616 1558 Me
1662 1490 1935 1573 angelus
1981 1490 2307 1556 custodiat
2676 1493 2758 1556 10

141 1592 356 1660 Jbesu
399 1593 813 1662 dilectissime
827 1642 846 1678 ‚
1503 1603 1572 1659 et
1616 1594 1870 1676 signum
1916 1594 2126 1659 erucis
2172 1593 2443 1674 muniat,

139 1705 213 1763 tn
256 1717 503 1765 mecum
551 1718 774 1782 qnaeso
818 1717 1084 1764 maneas
1097 1747 1116 1783 ‚
1312 1745 1317 1750 .
1500 1696 1656 1761 hino
1698 1702 1888 1760 satan
1933 1696 2166 1778 procul
2204 1695 2413 1778 fugiat

138 1798 268 1866 bae
310 1808 502 1866 nocte
547 1819 795 1866 meeum
841 1801 1125 1867 dormias
1139 1849 1158 1884 ‚
1502 1807 1569 1863 et
1614 1798 1858 1864 Jhesus
1914 1800 2094 1863 solus
2138 1806 2411 1863 maneat.

139 1909 213 1970 nt
260 1920 499 1987 corpus
543 1922 831 1969 somnum
879 1903 1099 1988 capiat
1354 1906 1394 1968 5
1502 1918 1666 1985 qnos
1712 1918 1876 1984 amo,
1923 1909 2135 1966 tecum
2180 1902 2476 1985 colligas,

139 2010 211 2068 et
254 2024 577 2087 nunquam
625 2023 740 2070 cor
785 2004 1180 2086 obdormiat,
1499 2006 1566 2068 in
1614 2004 1789 2069 lecto
1836 2004 2053 2069 cordis
2099 2005 2358 2088 foveaS,
2676 2005 2758 2068 15

138 2105 261 2169 sed
307 2125 567 2190 semper
611 2107 696 2172 ad
740 2116 807 2171 te
852 2107 1082 2191 vigilet
1499 2125 1625 2171 nec
1668 2127 1770 2171 me
1815 2125 1939 2172 neo
1983 2109 2163 2192 ipsos
2208 2108 2495 2192 desei-11⁸,

136 2216 208 2273 et
254 2214 319 2272 te
363 2218 757 2292 praesentem
803 2209 1024 2275 videat
1499 2209 1622 2275 sed
1668 2210 2062 2277 benedicens
2106 2220 2422 2295 protegas

143 2318 213 2377 et
257 2328 446 2377 omne
493 2314 727 2378 malum
771 2320 1021 2378 caveat.
1499 2319 1567 2375 et
1612 2312 1679 2375 in
1725 2331 1936 2377 aevum
1981 2312 2327 2378 custodias,

317 2495 412 2551 Hs.
450 2513 520 2552 zu
554 2498 834 2570 Freiburg
868 2499 973 2555 No.
1012 2501 1096 2553 91.
1134 2493 1172 2552 f.
1207 2496 1294 2552 48.
1332 2499 1400 2550 15
1436 2495 1633 2551 Jahrb.

130 2704 235 2758 be,
327 2621 356 2671 1
396 2619 508 2673 und
542 2623 577 2674 2
613 2621 690 2676 ist
724 2621 903 2676 Jbesu
938 2620 1271 2694 dreisylbig.
1370 2623 1405 2674 2
1441 2620 1619 2677 Jhesu
1653 2623 1819 2691 pater
1855 2619 1947 2674 dil.
1984 2618 2077 2674 Hs.
2170 2619 2204 2671 ⁷
2240 2615 2389 2688 quod
2428 2647 2492 2657 —
2534 2615 2758 2688 vigilat,

238 2720 347 2760 ser.

321 2827 386 2882 V.
428 2829 509 2882 10.
563 2828 665 2883 Die
700 2828 1082 2901 Schutzengel
1128 2829 1362 2885 werden
1409 2828 1555 2883 auch
1603 2828 1660 2882 in
1711 2828 1817 2881 den
1866 2829 2112 2882 altesten
2148 2827 2483 2898 geistliehen
2519 2828 2760 2882 Liedern

131 2915 237 2971 der
272 2915 524 2970 lrlinder
559 2913 904 2988 angen-uren,
958 2933 1003 2970 z.
1042 2917 1103 2970 B.
1149 2916 1207 2970 in
1243 2916 1347 2971 der
1383 2914 1588 2969 Lorica
1626 2913 1977 2969 columcillae
2014 2914 2079 2967 V.
2116 2916 2154 2967 ⁴·
2185 2930 2290 2970 aus
2326 2907 2460 2969 dem‘
2487 2914 2522 2967 6
2558 2913 2754 2969 Jahrb.

129 3002 295 3073 angil
345 3001 414 3057 de
461 3001 579 3056 d’itr
626 3001 920 3057 snndhadh
982 3004 1187 3072 (angeli
1229 3003 1313 3055 dei
1348 3002 1420 3055 ad
1452 3005 1688 3055 nostram
1717 3003 2135 3070 protectionem).
2206 3002 2283 3056 Es
2318 3000 2552 3055 werden
2586 3001 2758 3055 ihnen

130 3089 343 3145 weisse
379 3088 695 3144 Gewiinder
733 3087 1008 3160 gegeben,
1046 3087 1158 3142 wie
1194 3087 1289 3141 bei
1324 3088 1434 3140 den
1469 3085 1861 3156 griechischen
1897 3087 2127 3141 Vitern.
2161 3087 2292 3141 Ibid.
2326 3086 2392 3141 V.
2427 3087 2511 3141 78.
2560 3086 2758 3142 criost

130 3193 215 3250 go
253 3176 543 3248 nainglibh
580 3173 826 3230 finduibh
862 3175 1129 3246 (Christus
1165 3190 1283 3231 cum
1316 3175 1514 3243 anqelis
1547 3174 1726 3241 albis).
1774 3173 1902 3243 Vgl.
1937 3171 2129 3226 matth.
2166 3171 2256 3240 28,
2291 3172 2342 3225 3.

311 3459 486 3534 284.
557 3459 651 3531 In
699 3455 1017 3529 absentia
1063 3459 1311 3555 sponsi
1359 3469 1674 3556 tempore
1717 3454 2208 3528 tribulationis.
2274 3451 2595 3554 hymnus.

135 3666 197 3732 Ο
244 3684 435 3748 quam
479 3663 875 3748 glorificum,
1502 3664 1634 3729 heu
1678 3661 1927 3741 brevis,
1971 3659 2230 3726 modica

228 3771 436 3836 solum
483 3767 747 3850 sedere,
1592 3768 1905 3849 nimisque
1950 3785 2133 3848 rara,

138 3891 385 3954 corque
431 3869 773 3954 pacificum
1506 3870 1775 3957 grandis
1822 3870 2044 3934 militia

229 3996 447 4042 seeum
491 3977 770 4056 habere,
1593 3973 1730 4036 vita
1775 3991 1922 4034 nam
1966 3977 2222 4048 nostra,

142 4100 451 4168 sponsum
498 4100 619 4164 per
665 4079 997 4163 speculum
1359 4080 1397 4139 5
1509 4095 1639 4158 qua
1680 4075 1851 4138 mala
1894 4072 2170 4156 plurima
2685 4071 2768 4134 1⁵

228 4190 443 4249 mente
490 4181 716 4246 videre
732 4228 750 4263 ,
1599 4181 1900 4258 bonaque
1945 4193 2178 4259 pauca.

144 4306 356 4370 neque
403 4283 796 4350 contrarium
1726 4361 1739 4376 .
1792 4361 1805 4375 ⁹
1902 4361 1914 4375 .

232 4387 578 4490 quidquam
622 4385 887 4450 timere!
1512 4362 1679 4442 Quia
1722 4368 2021 4442 mlqmtas

1599 4465 1863 4530 multum
1911 4463 2231 4527 exerescit
2245 4511 2262 4544 ‚

145 4575 571 4662 Experientia
1510 4565 1768 4632 fervida
1806 4566 2044 4631 caritas

233 4681 379 4747 haeo
422 4680 688 4749 multum
732 4695 909 4762 cara,
1323 4678 1405 4741 10
1597 4667 1729 4734 heu
1764 4665 2169 4751 refrigeseit,
2690 4664 2778 4731 20
