3159 5259
354 287 486 355 m
559 246 571 256 .

355 473 611 540 Collum
654 483 828 541 tuum
873 482 944 539 ut
990 475 1287 540 columna
1717 479 1786 537 et
1829 471 1894 536 in
1940 480 2050 535 tuo
2097 471 2366 536 salutari

443 577 636 644 turris
680 583 750 640 et
790 578 1108 656 eburnea3
1522 575 1607 636 45
1803 591 1923 638 nos
1967 575 2204 657 ubique
2248 575 2466 655 visita3

357 681 487 746 mel
531 686 597 744 et
640 680 745 743 lac
791 681 909 744 sub
956 679 1181 760 lingua
1218 683 1347 757 tua,

443 783 632 848 favus
677 782 885 847 dulcis
929 782 1124 847 labia.
2201 843 2216 858 ‚

1722 843 2003 927 Ipsaque
2047 843 2425 909 mediatrice
2444 891 2462 925 ,

355 918 539 1002 Er30
585 918 770 1034 noliis
816 935 1078 1001 sponsae
1124 923 1255 1034 tuae
1723 966 1964 1013 summe
2011 968 2132 1013 rex
2175 954 2527 1032 perpetue,
2918 951 3018 1011 55

354 1020 849 1101 famulantibus,
897 1037 937 1084 o
986 1018 1282 1101 Christe,
1808 1068 1975 1116 voce
2020 1072 2186 1136 pura

443 1123 688 1206 Pietate
732 1121 955 1203 wlita’
1531 1118 1616 1181 ⁵⁰
1723 1153 2121 1238 flagitamuS,
2169 1155 2254 1220 da
2298 1153 2588 1238 gaudere

358 1259 659 1326 Clemens
703 1258 937 1324 adesse
984 1257 1265 1341 dignare
1807 1255 2097 1339 paradisi
2142 1256 2401 1341 gaudia.

532 1448 627 1503 Hs.
667 1464 736 1501 zu
771 1446 830 1503 S.
866 1444 1065 1502 Gallen
1099 1445 1206 1499 No.
1234 1444 1356 1499 383.
1391 1459 1444 1514 p.
1482 1444 1602 1497 124.
1642 1443 1709 1495 13
1748 1439 1946 1497 Jahrb.
1981 1441 2082 1496 mit
2117 1440 2319 1496 Noten.

531 1567 598 1621 V.
636 1570 718 1621 14.
756 1569 838 1623 15.
892 1565 1117 1638 agmina
1155 1565 1383 1633 coelica,
1420 1564 1479 1619 in
1514 1564 1627 1618 den
1662 1561 2058 1635 griechischen
2082 1561 2320 1618 Liedern
2357 1557 2553 1633 hiiuflg
2580 1558 2840 1641 tiquam
2869 1556 2993 1615 τῶν

357 1652 620 1732 ἀγγέλων,
656 1654 793 1709 weil
828 1653 911 1708 sie
948 1652 1329 1708 hierarchisch
1366 1650 1699 1722 eingetheilt
1734 1649 1874 1704 sind.

537 1742 603 1796 V.
638 1743 723 1796 20.
773 1744 969 1796 vetusta
1005 1741 1237 1808 historia,
1276 1739 1378 1792 das
1414 1738 1532 1793 alte
1559 1738 1900 1806 Testament‚
1936 1738 2196 1792 moderna
2214 1740 2428 1808 popina,
2464 1735 2566 1791 das
2602 1750 2776 1805 neue3
2803 1734 2988 1807 jenes

355 1831 537 1888 heisst
572 1832 785 1884 historia
819 1829 906 1883 als
943 1825 1415 1898 geschichtliches
1450 1823 1709 1878 Vorbild.

536 1917 601 1971 V.
638 1917 723 1972 58.
770 1916 1077 1986 paradisus,
1132 1913 1220 1968 die
1269 1911 1616 1966 himmlische
1665 1910 1872 1966 Kirche
1886 1950 1901 1979 ,
1957 1909 2048 1965 die
2096 1909 2393 1982 Seligkeit.
2461 1908 2810 1980 Augustinus
2847 1924 2986 1964 ver·

357 2004 577 2078 gleicht
611 2004 702 2058 die
737 2002 944 2059 Kirche
979 2001 1080 2055 mit
1119 2001 1242 2055 dem
1279 1999 1586 2054 Paradiese
1623 1996 1731 2054 auf
1757 1993 2026 2069 folgende
2052 1999 2185 2053 Art:
2223 1997 2406 2052 adhuc
2442 1996 2704 2051 mussitat
2738 2011 2982 2065 serpens

357 2100 419 2149 et
453 2108 565 2148 non
601 2095 780 2161 tacet,
835 2088 1041 2159 quaerit
1070 2091 1436 2158 pollicitatione
1471 2089 1698 2158 quadam
1732 2090 1958 2141 scientioe
1994 2085 2243 2157 dejicere
2280 2084 2349 2138 de
2386 2084 2657 2155 paradiso
2695 2082 2977 2151 ecclesiae,

358 2192 523 2251 quem
558 2194 671 2232 non
708 2176 997 2247 permittat
1034 2174 1220 2228 redire
1256 2174 1332 2228 ad
1368 2173 1526 2227 illum
1561 2172 1902 2244 paradisum,
1940 2171 2084 2227 unde
2121 2171 2332 2242 primus
2367 2171 2537 2227 homo
2579 2173 2836 2245 dejectus
2877 2178 2984 2228 est.

356 2264 511 2337 quod
546 2268 768 2335 gestum
803 2268 891 2317 est
925 2263 982 2315 in
1019 2261 1123 2315 illo
1160 2259 1443 2331 paradiso,
1480 2259 1592 2314 hoc
1627 2260 1850 2333 geritur
1886 2259 1944 2313 in
1980 2258 2236 2314 ecclesia.
2291 2275 2454 2314 nemo
2491 2275 2596 2315 nos
2636 2261 2873 2316 seducat
2899 2262 2974 2316 ab

356 2353 473 2408 isto
533 2350 819 2422 paradiso.
910 2345 1161 2403 sufficiat
1182 2388 1196 2415 ‚
1261 2346 1411 2417 quod
1470 2345 1632 2400 illinc
1683 2345 1833 2416 lapsi
1887 2362 2074 2401 sumus
2096 2387 2111 2415 ,
2185 2346 2282 2399 vel
2333 2346 2552 2417 experti
2606 2347 2982 2420 corrigamur.

355 2439 563 2497 Sermo
599 2440 699 2493 341
719 2477 734 2505 ,
783 2440 833 2492 5.
868 2438 917 2490 6.
988 2436 1225 2506 Semper
1272 2432 1789 2515 pseudoprophetae
1837 2432 2026 2489 dulcia
2072 2432 2414 2503 pollicentur
2461 2438 2521 2489 et
2573 2433 2647 2489 ad
2699 2435 2982 2491 modicum

357 2526 601 2597 placent.
683 2538 877 2578 amara
931 2529 1021 2578 est
1085 2520 1303 2576 veritas
1358 2527 1443 2589 et,
1508 2521 1604 2590 qui
1657 2536 1781 2575 eam
1833 2519 2173 2590 praedicant,
2237 2521 2531 2590 replentur
2586 2523 2977 2580 amaritudine.

357 2613 569 2669 Hieron.
608 2611 735 2665 adv,
767 2610 954 2666 Jovin.
990 2613 1041 2676 2,
1078 2611 1167 2662 37.
1235 2608 1481 2663 Possunt
1528 2607 1654 2661 haec
1707 2611 1865 2678 (quae
1903 2607 1970 2661 de
2005 2607 2276 2678 paradiso
2313 2606 2633 2678 dicuntur),
2699 2609 2872 2664 etiam
2918 2610 2978 2664 in

357 2697 601 2755 ecclesia
638 2697 913 2767 intelligi,
967 2701 1029 2752 ut
1065 2710 1136 2749 ea
1170 2693 1370 2749 melius
1408 2694 1748 2764 accipiamus
1766 2736 1780 2764 ,
1829 2700 2109 2765 tamquam
2147 2695 2484 2765 prophetica
2519 2696 2725 2751 indicia
2760 2712 2978 2767 praece-

358 2787 551 2845 dentia
606 2783 950 2841 futurorum:
1021 2781 1347 2854 paradisum
1383 2782 1603 2837 scilicet
1640 2782 1818 2852 ipsam
1857 2782 2181 2853 ecclesiam,
2245 2783 2392 2837 sicut
2427 2783 2497 2836 de
2531 2780 2634 2838 illa
2670 2784 2882 2856 legitur
2912 2785 2976 2839 in

358 2877 585 2934 cantico
623 2877 968 2930 canticorum
1005 2877 1087 2943 (4,
1128 2872 1257 2941 13);
1320 2879 1563 2944 quatuor
1600 2878 1785 2927 autem
1820 2871 2072 2943 paradisi
2106 2869 2332 2928 flumina
2366 2878 2610 2943 quatuor
2644 2871 2976 2944 evang-elin

358 2964 518 3036 ligna
545 2960 844 3020 fructifera
872 2966 1129 3030 sanctos3
1166 2957 1383 3014 fructus
1412 2965 1599 3014 autem
1625 2976 1820 3014 eorum
1850 2975 2028 3031 opera
2056 2977 2281 3031 eorum;
2318 2960 2530 3032 lignum
2557 2962 2692 3016 vitae
2721 2966 2976 3016 sanctum

357 3056 712 3119 sanctorum,
760 3049 950 3120 utique
986 3048 1296 3119 Christum3
1359 3048 1575 3120 lignum
1613 3048 1863 3103 scientiae
1900 3048 2035 3103 boni
2072 3054 2131 3103 et
2165 3050 2298 3104 mali
2334 3051 2623 3122 proprium
2660 3050 2973 3106 voluntatis

358 3138 668 3194 arbitrium.
723 3153 828 3192 nec
865 3154 927 3191 se
964 3138 1090 3207 ipso
1130 3134 1337 3207 quippe
1374 3136 1564 3204 homo,
1603 3134 1795 3190 divina
1830 3135 2125 3191 voluntate
2154 3137 2468 3206 contemta,
2508 3137 2619 3192 nisi
2651 3137 2972 3208 perniciose

359 3225 444 3280 uti
477 3230 685 3296 potest,
723 3231 891 3295 atque
927 3224 1009 3279 ita
1044 3223 1226 3290 discit,
1263 3221 1393 3293 quid
1419 3223 1659 3292 intersit,
1698 3229 1882 3279 utrum
1911 3224 2189 3280 inhaereat
2216 3227 2489 3279 communi
2518 3226 2774 3281 omnibus
2800 3227 2974 3297 bono,

358 3326 434 3365 an
468 3312 707 3382 proprio
745 3311 1070 3366 delectetur.
1125 3314 1392 3382 Augu-stin.
1440 3311 1509 3366 de
1558 3311 1709 3366 civit.
1758 3313 1851 3367 dei
1890 3315 1974 3381 13,
2010 3315 2096 3366 21.
2178 3312 2240 3367 In
2278 3313 2573 3368 iihnlicher
2608 3313 2973 3386 Verbindung

358 3396 542 3450 heisst
574 3413 701 3450 man
739 3397 829 3451 die
864 3397 1140 3452 Vorhalle
1189 3397 1283 3452 bei
1317 3397 1471 3452 alten
1510 3398 1756 3452 Kirchen
1794 3399 1897 3453 das
1932 3399 2202 3454 Paradies
2223 3439 2237 3468 ,
2301 3399 2439 3455 weil
2474 3401 2657 3456 dieses
2694 3401 2796 3458 der
2831 3398 2974 3457 stif-

359 3487 501 3554 tung
537 3485 641 3538 der
677 3485 886 3539 Kirche
922 3486 1310 3557 vorausgieng
1357 3484 1467 3540 und
1503 3485 1814 3557 gleichsam
1849 3486 1940 3540 ihr
1975 3487 2235 3558 Eingang
2269 3503 2407 3542 war.

1245 3769 1419 3843 257.
1484 3770 1574 3841 ln
1630 3769 2089 3843 dedicatione.

357 3986 521 4054 Haec
566 3987 801 4053 festiva
1715 3989 1853 4054 Nos
1896 3990 2066 4056 hane
2110 3993 2312 4056 vitam

358 4092 702 4157 transitiva
1717 4102 2202 4158 contemnentes
2218 4144 2234 4179 ,

446 4195 768 4261 dedicatio
1714 4194 2025 4258 infinitam

355 4295 669 4361 infinitam
1715 4306 2099 4381 appetentes
2891 4302 2978 4366 10

356 4398 573 4482 signat
618 4402 815 4465 vitam
1569 4404 1608 4464 5
1802 4400 2243 4467 benedicamus
2288 4404 2550 4469 domino.

442 4504 700 4586 plenam
745 4503 1002 4585 gaudio.

530 4690 627 4749 ns.
661 4705 731 4745 zu
764 4691 1051 4763 Hfinchen,
1098 4691 1234 4750 clm.
1268 4693 1376 4751 No.
1414 4693 1605 4748 15509.
1646 4687 1686 4748 f.
1726 4693 1772 4747 1.
1809 4691 1909 4748 des
1947 4695 2014 4748 12
2050 4693 2248 4752 Jahrb.
2282 4695 2384 4753 mit
2416 4695 2688 4753 Noumeu
