3159 5259
384 246 520 315 122

386 433 636 502 Sedet
674 431 789 501 hic
828 453 948 499 sua
992 435 1222 500 concio
1436 409 1447 421 ’
1599 435 1642 496 5
1749 439 1944 517 atque
1987 432 2054 497 in
2098 432 2631 518 capntspineam

472 548 558 622 te,
601 538 769 624 proh
814 536 1022 622 dolor,
1066 539 1285 620 irrisit,
1836 553 2144 602 coronam
2185 536 2643 620 huprimentes.

382 644 450 709 in
496 644 647 709 alba
690 650 876 706 veste
921 641 1156 706 Pontio
1987 700 2000 713 ,
2201 700 2215 714 ,
2463 701 2476 714 ,

469 744 681 810 Pilato
728 753 793 810 te
836 744 1101 807 remisit.
1745 697 2151 817 Αωὼῃῗω
2196 720 2271 818 ¹¹¹,
2307 703 2601 764 mambus

1832 802 1985 867 lunc
2032 805 2144 868 ubi
2190 805 2553 869 tribuerunt

384 905 505 983 Qui
551 904 808 988 quidem
849 901 1199 967 multifarie
1747 912 1814 969 et
1856 905 2075 971 verbis
2122 923 2262 969 cum
2297 906 2652 975 minacibus

470 1018 537 1072 te
573 1009 714 1092 jam
759 1009 1152 1073 examinavit
1402 1046 1411 1063 ι
1557 1009 1637 1073 10
1829 1006 2106 1071 illudere
2151 1015 2506 1092 coeperunt.

384 1114 724 1179 immunem
771 1120 838 1177 et
882 1132 923 1177 a
968 1113 1142 1177 carie

471 1222 535 1278 te
583 1215 723 1279 fore
759 1215 1218 1299 proclamavit,
1741 1167 1906 1233 Nam
1942 1167 2225 1250 juvenes
2270 1184 2414 1231 cum
2459 1167 2720 1232 senibus

1826 1273 2171 1337 furentium
2214 1278 2531 1336 tortorum

382 1377 843 1444 Verumtamen
887 1376 1271 1440 instantibus
1743 1377 2110 1444 clamabant
2152 1374 2339 1439 flexis
2384 1374 2690 1458 genibus:

466 1481 869 1564 nequissimis
915 1478 1166 1545 Judaeis
1833 1501 2008 1566 „ave
2054 1500 2174 1545 rex
2219 1475 2686 1546 Judaeornm!“

384 1596 451 1652 te
496 1587 760 1651 multum
807 1586 1260 1650 accusantibus
1552 1583 1636 1647 15

1743 1645 1864 1724 Qui
1911 1654 2108 1731 caput
2149 1644 2280 1710 heu
2324 1644 2701 1731 spiniferum

1828 1748 1980 1812 hinc
2024 1758 2198 1813 tuum
2242 1750 2675 1812 verberarunt

381 1854 547 1920 Nam
590 1853 949 1918 Bari-abam
993 1852 1433 1937 redemerant,
1744 1852 2059 1916 arundine
2104 1852 2502 1916 mortiferum

474 1958 561 2021 ad
607 1965 884 2022 statuam
926 1958 1241 2039 ligarunt,
1830 1961 1898 2017 et
1941 1955 2133 2019 ictum
2177 1953 2593 2038 replicarunt.

384 2061 667 2144 flagellis
712 2079 950 2146 corpus
994 2059 1333 2143 foderant,

476 2172 540 2228 te
586 2163 726 2227 dire
773 2163 1191 2246 castigarunt.

470 1693 741 1756 assentit
785 1690 889 1754 hic
936 1698 1003 1754 et
1048 1691 1161 1753 eis,

1551 2162 1636 2225 20
1739 2114 1829 2183 Ut
1873 2135 2065 2182 cruor
2111 2121 2194 2184 ab
2242 2119 2534 2183 acumine

1829 2222 2157 2306 spinarum
2204 2230 2539 2286 emanaret

379 2328 540 2395 Post
585 2329 991 2412 chlamydem
1038 2327 1407 2393 coccineam
1739 2335 1807 2390 et
1851 2326 2209 2391 rubicundo
2254 2325 2511 2390 flumine

468 2441 536 2497 te
582 2450 781 2516 super
824 2433 1178 2495 vestientes
1828 2438 1894 2493 te
1939 2446 2210 2513 prorsus
2253 2429 2579 2512 irrigaret.

557 2617 627 2668 17
665 2630 792 2670 nam
828 2621 885 2670 et
919 2615 1012 2670 Hs.
1089 2615 1155 2669 18
1192 2576 1348 2671 fehlt'
1375 2618 1434 2668 te.
1508 2615 1579 2667 22
1616 2612 1732 2669 soll
1766 2613 2238 2669 wahrscheinlich
2275 2614 2472 2670 stehen
2502 2614 2803 2689 Jacientes.

1386 2917 1506 2993 96.
1554 2918 1655 2989 ad
1692 2919 1981 2990 tertiam.

375 3124 491 3195 Ad
539 3127 795 3189 tertiam
840 3126 1265 3208 nequissimus
1735 3142 1777 3187 a
1823 3122 2054 3205 quibus
2101 3121 2559 3205 multiplicibus

465 3229 545 3295 ab
593 3231 896 3312 aequitate
941 3229 1183 3294 cedens
1823 3245 1896 3290 es
1934 3223 2223 3289 cladibus
2261 3223 2569 3306 afflictus3

371 3330 621 3396 Pilatus
642 3382 658 3415 ,
706 3333 1142 3397 atrocissimus

462 3453 587 3519 pro
633 3438 935 3501 tribunali
980 3436 1215 3501 sedem
1736 3387 1859 3467 Qui
1904 3406 2162 3452 crucem
2207 3387 2332 3450 tuis
2377 3386 2662 3450 humeris

1820 3491 2176 3573 gerendam
2219 3498 2373 3554 tunc
2417 3490 2749 3575 viderunt,

370 3600 663 3682 Iniquam
706 3618 826 3683 per
871 3601 1253 3665 sententiam
1585 3604 1624 3665 5
1733 3597 2042 3662 conviciis
2085 3595 2430 3660 innumeris

462 3713 526 3767 te
572 3704 736 3767 mori
771 3702 1123 3787 judicavit,
1822 3708 1885 3764 te
1932 3699 2190 3782 quidem
2235 3700 2626 3782 affecerunt3

373 3808 483 3889 qui
529 3812 702 3870 tuam
747 3806 1178 3870 innocentiam

460 3908 698 3994 injuste
735 3908 1205 3973 condemnavit·
1730 3863 1897 3929 Nam
1943 3863 2216 3946 geminis
2260 3862 2682 3949 praedonibus

1817 3967 1992 4031 fuisti
2038 3970 2358 4050 sociatus,

370 4070 620 4139 Amicis
666 4074 792 4139 tuis
838 4073 1137 4141 flentibus
1613 4124 1614 4127 η
1730 4071 2094 4156 praesertim
2139 4089 2282 4134 cum
2326 4070 2683 4134 latronibus

450 4175 759 4258 judicium
807 4186 937 4242 tam
986 4178 1214 4243 durum
1541 4179 1623 4243 10
1816 4175 2048 4257 iniquis
2091 4183 2443 4260 reputatus.

372 4285 674 4360 tuumque
722 4282 1264 4366 deplangentibus

460 4383 840 4465 supplicium
882 4386 1180 4451 futurum·
1729 4336 1822 4401 Te
1868 4340 2260 4420 sequebatur
2302 4335 2591 4401 flentium

1812 4450 2080 4508 caterva
2125 4452 2564 4507 matronarum

368 4543 538 4611 Hinc
580 4546 774 4608 saevis
819 4548 1229 4615 carnificibus
1725 4554 1793 4611 et
1835 4553 2010 4612 tuum
2056 4546 2587 4631 deplangentium

452 4649 628 4729 fuisti
674 4648 1055 4737 derelictus,
1812 4649 2103 4718 dolorem
2148 4660 2281 4719 tam
2325 4674 2630 4721 amarum.

2923 704 3012 766 25

2917 1273 3003 1337 30

2917 1856 3000 1920 35

2915 2432 2998 2495 40

2912 3123 2992 3187 15

2898 4338 2987 4404 25
