3159 5259
412 307 506 373 :10

558 493 631 545 2⁵
665 490 761 546 Rs.
798 490 979 560 theos,
1016 506 1183 558 enos3
1221 489 1409 544 dieser
1431 486 1654 545 Geaifiv
1687 489 1788 545 hot
1821 488 1946 544 hier
1978 488 2110 544 hein
2137 488 2343 562 object
2369 488 2481 544 und
2507 487 2726 543 scheint
2751 487 3072 561 lediglieh

420 580 523 635 du
556 580 777 635 Reimes
810 595 1015 651 vogen
1050 583 1286 650 gesetzt.

595 702 659 758 V.
696 707 741 759 1.
807 704 1061 770 trinitas,
1121 699 1318 755 unitas,
1395 695 1689 753 Trinitatis
1744 714 1926 786 opera
1975 696 2378 770 inseparabilia
2432 703 2575 752 sunt.
2648 699 2926 768 ,laqus-tin.
2997 697 3066 754 in

420 809 619 866 evang.
654 792 781 848 Joh.
817 794 868 860 5,
902 792 985 843 20.
1023 792 1055 856 9
1091 790 1139 843 3.

597 878 664 934 V.
699 880 748 932 9.
802 883 977 944 sator,
1015 876 1155 930 nach
1191 875 1360 930 Marc.
1396 874 1447 940 4,
1483 874 1531 926 3.
1568 872 1596 926 Ῐ
1627 872 1755 928 Cor.
1790 875 1842 942 3,
1879 875 1928 926 9.
1998 873 2146 927 Deus
2183 889 2353 927 verus
2390 878 2448 927 et
2485 888 2723 927 summus
2759 872 3060 944 agricola
3147 897 3148 904 ¹

419 984 533 1024 non
593 966 774 1021 solum
810 964 1187 1034 corporalium
1235 963 1336 1017 sed
1385 961 1552 1017 etiam
1601 960 1974 1032 spiritualium
2020 969 2221 1016 auctor
2271 965 2359 1016 est
2407 958 2697 1015 fructuum.
2769 961 2942 1015 Leon.
2977 963 3062 1016 M.

418 1054 789 1198 sem-3⁰33?
834 1143 1042 1212 Amyn-st.
1081 1141 1257 1196 doctr.
1295 1139 1485 1194 christ.
1525 1141 1573 1208 1,
1609 1140 1693 1192 35.
1731 1137 1872 1205 Quia
1910 1138 2046 1192 deus
2080 1137 2262 1192 bonus
2298 1142 2413 1204 est,
2453 1151 2655 1190 sumus.

1246 1431 1313 1501 7.
1392 1428 1481 1500 In
1528 1427 1709 1500 sesto
1764 1452 1819 1497 s.
1873 1424 2215 1497 trinitatis.

419 1599 673 1667 Adesto
720 1607 944 1664 sancta
989 1598 1238 1662 trinitas
1260 1645 1276 1678 ,
1774 1603 1932 1659 vota
1974 1613 2333 1681 precesque
2381 1594 2737 1678 supplicum

418 1726 541 1789 par
587 1703 926 1787 splendor,
968 1722 1098 1767 una
1144 1701 1381 1782 deitas,
1775 1695 2031 1781 hymnis
2066 1697 2277 1781 junge
2322 1698 2688 1762 caelestium.

421 1826 569 1890 quae
614 1814 832 1870 exstas
879 1826 1092 1870 rerum
1137 1805 1413 1870 omnium

421 1912 560 1976 sine
606 1908 735 1972 fine
780 1909 1176 1993 principium
1775 1859 1986 1927 Unum
2033 1868 2096 1924 te
2142 1862 2352 1925 lumen
2399 1861 2750 1943 (ιι-9111111118,

1778 1965 1953 2048 quod
1995 1973 2247 2030 ternum
2291 1965 2460 2029 idem
2508 1967 2803 2049 colimuS,

421 2075 516 2139 Te
563 2075 869 2141 caelorum
913 2073 1135 2136 militia
1630 2070 1667 2130 5
1779 2070 1974 2153 alpha
2020 2079 2085 2133 et
2129 2088 2170 2133 o
2216 2090 2404 2153 quem
2451 2068 2748 2154 dicimuS‚
2958 2074 3042 2140 15

420 2178 673 2259 laudat,
719 2176 978 2257 adorat,
1024 2173 1368 2259 praedicat,
1779 2182 1845 2238 te
1888 2172 2109 2237 laudat
2155 2175 2358 2236 omnis
2405 2173 2680 2258 spiritus.
3031 2175 3036 2178 ’

421 2280 787 2364 triplexque
832 2275 1049 2341 mundi
1090 2274 1388 2340 machina

420 2383 745 2451 benedicit
789 2402 909 2468 per
952 2381 1208 2446 δίκαια.
1777 2334 1953 2401 Laus
1999 2337 2168 2420 patri
2214 2338 2294 2402 sit
2339 2339 2659 2424 ingenite,

1777 2442 1918 2504 laus
1967 2440 2108 2524 ejus
2153 2443 2505 2540 unigenito,

420 2546 740 2614 Assumus
786 2557 851 2612 et
893 2565 1014 2612 nos
1059 2546 1281 2611 cernui
1775 2542 1915 2607 laus
1962 2544 2043 2606 sit
2088 2553 2315 2609 sancto
2362 2546 2643 2630 spiritui,

420 2661 487 2718 te
534 2652 883 2718 adorantes
928 2652 1178 2733 famuli,
1590 2649 1669 2712 10
1775 2648 1941 2712 trino
1989 2648 2114 2714 deo
2162 2657 2228 2712 et
2273 2650 2559 2734 simplici.
2950 2659 3038 2723 20

594 2838 687 2894 Hs.
725 2839 825 2893 des
864 2840 932 2892 14
975 2837 1166 2892 Jahrb.
1206 2834 1260 2890 in
1296 2833 1531 2889 meinem
1566 2833 1768 2889 Besitz.
1840 2834 1998 2887 Auch
2032 2832 2106 2886 im
2142 2832 2468 2892 Breviarius
2502 2837 2861 2910 Moguntinus
2893 2847 3038 2927 (Μ)

417 2926 492 2980 im
529 2925 877 2981 Breviarium
912 2925 1083 2980 Basil.
1121 2926 1267 2994 (B),
1331 2923 1443 2978 und
1491 2923 1547 2976 in
1595 2923 1700 2977 den
1751 2923 1962 2978 Cursus
2009 2921 2238 2977 collecti
2273 2921 2346 2977 bl.
2385 2925 2468 2977 81.
2505 2927 2627 2995 (C).
2702 2931 2803 2990 Bei
2839 2933 3052 2993 Dm(

421 3016 471 3082 1,
504 3016 609 3067 275
648 3014 799 3069 steht
836 3013 936 3068 der
969 3009 1211 3083 Anfang.

594 3122 629 3171 7
664 3125 721 3176 te
756 3120 989 3190 triplex
980 3120 1061 3174 Β.
1133 3120 1203 3173 14
1234 3117 1389 3189 quod
1426 3124 1486 3172 et
1519 3123 1608 3173 ter
1642 3117 1713 3171 id.
1750 3117 1856 3174 Bc.
1930 3121 1996 3171 15
2036 3118 2268 3172 diximus
2304 3119 2373 3173 Μ.
2469 3110 2473 3113 ⁴
2535 3087 2646 3138 ‚14ss
2725 3129 2734 3136 “

590 3224 654 3277 V.
693 3228 738 3278 1.
786 3225 868 3280 So
901 3222 1072 3294 fangt
1106 3226 1250 3278 auch
1283 3224 1333 3278 S.
1369 3223 1594 3278 Anselmi
1631 3219 1876 3277 Canluar.
1928 3229 2069 3277 orat.
2109 3227 2153 3275 1.
2191 3238 2277 3276 an.
2351 3224 2410 3279 In
2458 3227 2747 3282 iihnlicher
2781 3232 2892 3287 Art
2945 3235 3042 3289 eins

418 3308 597 3365 Gebet
629 3310 723 3364 bei
758 3311 990 3365 Ambros.
1027 3311 1097 3365 de
1132 3307 1241 3364 fide
1278 3312 1329 3377 1,
1364 3311 1426 3362 3·
1463 3310 1663 3364 adesto
1701 3314 1894 3363 sancte
1931 3310 2176 3379 spiritus.
2695 3357 2708 3362 -

595 3395 661 3451 V.
696 3399 744 3451 3.
781 3399 829 3451 4.
882 3397 1069 3451 Daher
1103 3395 1278 3466 μονὰς
1315 3394 1677 3474 συνάναρχος.
1732 3396 1886 3467 Sept.
1925 3399 1972 3451 8.

593 3482 658 3536 V.
698 3487 747 3537 5.
803 3482 1069 3553 δεσπότης
1104 3482 1283 3554 πάσης
1322 3483 1652 3559 ἐπουρανίου
1691 3481 1967 3562 στρατιᾶς.
2038 3487 2278 3541 Aelianas.
2314 3486 2373 3542 in
2406 3503 2491 3559 pS.
2525 3491 2611 3558 45,
2650 3493 2729 3547 13.

595 3569 660 3625 V.
697 3574 745 3625 7.
799 3571 1007 3641 triplex
1032 3572 1314 3640 machina,
1352 3570 1602 3641 Himmel,
1638 3573 1785 3628 Erde
1812 3574 1924 3628 und
1950 3573 2132 3629 Holle.
2189 3575 2291 3629 Bei
2317 3577 2541 3633 Lactant.
2571 3580 2679 3634 div.
2705 3581 2878 3638 instit.
2908 3587 2968 3654 2,
2988 3589 3040 3643 9.

420 3657 646 3716 fabrica
679 3660 1054 3715 1111111111.Βεί
1090 3663 1351 3730 Λαμπετίη.
1401 3662 1469 3716 de
1506 3677 1632 3733 gen.
1680 3662 1753 3717 ad
1792 3661 1873 3716 lit.
1909 3664 1991 3716 37.
2041 3663 2288 3719 aetherea
2323 3666 2605 3736 machina,
2660 3670 2769 3723 und
2807 3670 2865 3723 in
2903 3673 3040 3729 Joh.

417 3765 616 3821 evang.
656 3753 706 3818 1,
744 3751 791 3804 9.
827 3749 1015 3804 mundi
1050 3747 1283 3805 fabrica.
1354 3751 1416 3805 σὲ
1452 3746 1612 3821 ὑμνεῖ
1643 3753 1734 3805 καὶ
1768 3753 1952 3826 τρέμει
1987 3750 2223 3827 ουρανὸς
2263 3758 2354 3807 καὶ
2390 3750 2424 3825 ἦ
2462 3754 2548 3826 γῆ,
2588 3752 2824 3828 ἄβυσσοι
2868 3768 3038 3836 φρίτ-

416 3856 587 3893 τουσι.
658 3791 799 3894 nien.
836 3837 989 3908 Sept.
1027 3838 1075 3892 8.
1140 3835 1238 3894 Ost
1273 3839 1425 3894 steht
1460 3836 1628 3893 dafiir
1663 3838 1892 3908 coelum,
1947 3845 2130 3909 terra,
2186 3856 2355 3896 mare.
2429 3841 2485 3896 S.
2522 3845 2790 3915 Augustini
2837 3862 3038 3904 sermo

421 3930 542 3997 117,
577 3929 625 3982 2.
697 3929 898 3994 Astra,
936 3925 1144 3994 solum,
1181 3941 1348 3981 mare.
1403 3925 1601 3980 Daniel
1637 3930 1686 3995 1,
1721 3929 1840 3982 245.

596 4012 661 4068 V.
700 4017 783 4070 13.
839 4014 1035 4069 lumen.
1083 4014 1429 4069 bestimmter
1477 4013 1600 4085 φῶς
1639 4012 1819 4071 ἅῦλον.
1858 4016 1966 4071 Jul.
2007 4020 2088 4072 13.
2153 4013 2274 4087 φῶς
2312 4037 2405 4071 και
2444 4013 2564 4086 φῶς
2598 4039 2690 4073 και
2725 4039 2875 4091 (proc,
2916 4017 3048 4077 ἀλλ’

419 4103 474 4156 ἐὺ
512 4101 648 4173 φῶς,
688 4101 765 4166 εἷς
802 4101 957 4165 θεός.
1013 4101 1229 4173 Greyor.
1265 4100 1393 4157 Naz.
1432 4117 1513 4156 or.
1548 4104 1619 4156 37
1655 4118 1706 4173 p.
1745 4105 1863 4158 594.

594 4191 658 4245 V.
697 4195 776 4247 14.
832 4197 1062 4250 ternum.
1117 4194 1411 4266 τρίφεῃνος
1445 4187 1625 4246 οὐσια.
1679 4191 1890 4246 Cosmus
1922 4191 2122 4246 Hieros.
2160 4192 2216 4247 in
2251 4196 2562 4263 pentecost.
2611 4197 2677 4249 st.
2714 4194 2815 4248 ult.
2869 4190 3038 4270 0}qu

412 4276 758 4353 τριλαμποῦς
804 4277 1084 4348 θεότητος.
1166 4278 1307 4333 Men.
1360 4278 1479 4334 oct.
1533 4281 1580 4331 7.
1641 4278 1948 4353 τριλαμπῆς
1998 4285 2337 4349 φωτοχυσία.
2410 4280 2520 4336 Jul.
2577 4283 2659 4336 19.
2747 4281 3040 4357 τρισήλιος

416 4361 713 4436 ἐλλάμψις,
774 4364 1070 4437 φωτισμός.
1126 4366 1249 4422 Jan.
1285 4368 1371 4420 22.
1406 4368 1492 4420 23.
1561 4365 1708 4422 Dass
1758 4367 1846 4425 die
1897 4368 2242 4424 kirchlichen
2277 4369 2605 4425 Ausdriicke
2655 4370 2758 4425 der
2791 4371 3038 4428 Menam

416 4467 522 4506 aus
559 4452 707 4506 alter
741 4452 867 4507 Zeit
902 4453 1228 4522 herriihren,
1264 4452 1536 4509 beweisst
1570 4470 1616 4509 z.
1645 4453 1706 4508 B.
1744 4453 1845 4510 das
1881 4454 2059 4511 Wort
2092 4454 2388 4530 τρισήλιος,
2424 4457 2672 4514 welches
2707 4459 2790 4514 sie
2817 4456 2908 4516 ost
2938 4461 3048 4518 bd
3105 4477 3120 4488 “

419 4540 523 4595 der
558 4538 611 4592 11.
646 4538 1050 4611 Dreieinigkeit
1082 4542 1396 4612 bruchen,
1432 4541 1579 4598 donn
1613 4542 1982 4613 Athanasius,
2020 4544 2123 4602 der
2158 4543 2191 4598 i.
2226 4542 2277 4599 J.
2315 4545 2419 4598 372
2458 4545 2643 4614 starb,
2681 4550 2813 4616 sngt
2847 4546 3042 4606 sehon

416 4625 693 4704 τριοήλιον
745 4625 843 4698 τῆς
901 4624 1064 4703 ἁγίας
1117 4627 1341 4707 τριάδος
1394 4627 1529 4703 φῶς.
1600 4638 1888 4690 comment.
1945 4632 2002 4689 in
2049 4632 2244 4693 matth
2299 4647 2350 4706 p.
2406 4634 2489 4690 29.
2556 4637 2719 4705 (opp.
2764 4637 2803 4690 t.
2844 4635 2896 4689 4.
2945 4633 3048 4694 ed-

418 4714 669 4786 Patav.)
