3159 5259
727 438 949 506 Corda
993 446 1066 505 tu
1110 455 1259 519 quac
1299 452 1644 518 praeparas
1688 434 1774 499 ad
1812 435 2298 518 susceptionem

725 542 962 626 gratiae
1002 536 1360 618 mellifluae,
1405 544 1477 600 tu
1522 536 1908 600 infusionem

725 644 873 728 ejus
907 641 1064 708 mihi
1111 641 1321 704 tribue
1340 683 1358 719 ,
1403 644 1476 702 ut
1518 637 1938 703 nitenticnen

729 746 816 812 ad
861 761 1210 829 supernam
1249 741 1501 823 erigam
1545 739 1696 805 eceli
1738 741 2092 822 regionem.

724 921 1047 991 Fidenam
1087 920 1395 986 mentium
1437 920 1546 1004 pie
1591 920 1969 986 consolator
1983 967 2001 1003 ,

720 1026 940 1092 cordis
990 1024 1059 1089 in
1101 1023 1375 1088 fallaciis
1420 1042 1775 1106 renumque
1820 1030 2173 1104 scrutator,

728 1129 815 1195 de
859 1127 1200 1213 profundis
1248 1126 1537 1208 elamite,
1589 1126 1893 1210 indignus
1939 1134 2279 1210 peccator,

733 1251 946 1297 meum
991 1229 1142 1297 audi
1179 1230 1493 1317 gemitum
1511 1277 1530 1308 ‚
1573 1229 1859 1297 clemens
1907 1231 2263 1296 miserator.

727 1405 872 1474 Etsi
911 1408 1075 1473 meis
1118 1408 1370 1473 actibus
1414 1407 1602 1473 nimis
1646 1412 1714 1471 te
1754 1405 2031 1488 offendi,

726 1511 902 1576 dnm
944 1510 1099 1575 mihi
1143 1509 1419 1577 dulciter
1454 1518 1709 1593 tompus
1752 1509 2131 1593 miserendi,

639 1662 646 1671 .
725 1621 975 1699 praesta
1013 1630 1273 1696 quoque
1318 1610 1597 1695 gratiam
1640 1611 1727 1676 ud
1768 1620 1835 1676 te
1887 1612 2290 1696 revertendi,

725 1722 800 1782 ut
847 1714 1043 1797 digne
1089 1716 1411 1781 inveniam
1455 1715 1670 1780 locum
1708 1715 2084 1797 poenitendi.

733 1892 856 1960 'rui
902 1912 1031 1959 non
1076 1893 1425 1958 evaderem
1467 1892 1749 1959 fervoris
1794 1894 2128 1979 offensam,

728 2004 904 2063 tuam
948 1998 1006 2060 si
1050 1998 1453 2063 clementiam
1497 1998 1817 2063 nescirem
1860 1998 2235 2063 immensam
2252 2044 2271 2081 ,

727 2118 853 2185 per
891 2117 1081 2182 quam
1123 2100 1590 2181 negligentiam
1630 2101 1697 2163 in
1741 2119 1846 2164 me
1895 2100 2367 2184 deprehensam

738 2200 922 2266 deles
969 2209 1035 2266 et
1078 2201 1461 2284 voraginem
1505 2200 1841 2267 Geheunae
1885 2221 2280 2271 succensam.

729 2370 1000 2440 Amoris
1047 2374 1387 2440 dulcedine
1437 2393 1569 2461 ago
1617 2379 2039 2462 succedente,

734 2482 931 2558 tepor
976 2475 1145 2541 desit
1183 2479 1418 2543 noxius
1465 2479 1724 2545 habitus
1768 2482 1836 2545 in
1878 2490 2096 2549 mente
2115 2529 2133 2566 ,

731 2577 963 2642 fervor
1006 2580 1214 2643 sancti
1256 2580 1521 2662 spiritus
1540 2628 1558 2662 ,
1604 2585 1906 2664 quoniam
1950 2592 2221 2668 repente

732 2681 976 2763 surgit,
1022 2679 1195 2745 cedit
1239 2682 1458 2764 aquilo
1507 2692 1731 2749 austro
1773 2686 2097 2753 veniente.

730 2861 808 2930 In
850 2884 1117 2931 recessu
1161 2869 1380 2937 veniat
1424 2879 1647 2936 auster
1689 2873 2009 2955 aquilonis
2028 2922 2046 2957 ‚

732 2966 972 3051 perflet
1012 2988 1224 3033 meum
1259 2970 1581 3039 hortulum
1601 3023 1618 3056 ,
1663 2982 1735 3040 ut
1778 2977 2075 3060 supernis
2118 2977 2306 3043 donis

725 3068 900 3133 illius
945 3079 1237 3138 aromata
1279 3072 1512 3158 fluant,
1569 3095 1800 3160 meque
1844 3081 2031 3145 bonis

735 3168 1044 3237 fecundet
1085 3176 1387 3257 gratuitis
1433 3176 1540 3241 dei
1584 3181 1868 3246 visionis,

732 3340 849 3407 Eis
869 3392 886 3427 ,
934 3348 1041 3429 qui
1086 3356 1151 3412 te
1196 3348 1471 3433 diligunt
1514 3352 1579 3418 in
1626 3356 2067 3442 simplicitate,

729 3446 890 3509 nihil
926 3447 1144 3532 deest,
1192 3451 1478 3536 domine,
1525 3475 1671 3521 nam
1717 3460 1782 3522 in
1827 3461 2131 3543 largitate

725 3564 987 3611 manum
1030 3559 1205 3616 tuam
1249 3556 1468 3637 aperis
1484 3603 1501 3638 ,
1557 3578 1681 3625 nec
1722 3561 2085 3628 inordinate

733 3646 1152 3730 inplebuntur
1197 3657 1409 3722 omnia
1453 3666 1564 3725 tua
1608 3664 1914 3730 bonitate.

731 3828 959 3914 Ignem
1003 3837 1211 3902 sancti
1255 3839 1518 3921 spiritns
1559 3844 1769 3925 mitte,
1821 3863 1950 3929 quo
1996 3857 2357 3931 coquantur

723 3933 1031 4000 virmtum
1075 3939 1449 4024 carismata,
1496 3964 1644 4027 quae
1686 3949 1874 4014 nobis
1918 3948 2270 4036 donantur,

729 4034 1052 4102 fermento
1101 4044 1405 4124 nequitiae
1448 4055 1518 4111 ut
1561 4066 1692 4113 non
1736 4062 2230 4136 corrumpantur

729 4157 858 4203 nec
899 4140 1107 4205 inanis
1151 4145 1384 4227 gloriae
1428 4158 1629 4214 vente
1672 4151 2129 4221 dissolvantur.

725 4292 1042 4362 Ascende
1083 4301 1150 4364 in
1193 4312 1467 4386 pectere
1512 4308 1829 4375 modicam
1867 4312 2212 4380 scintillam

727 4401 940 4465 sancti
985 4400 1288 4470 desiderii
1308 4455 1326 4488 ‚
1370 4415 1443 4472 ut
1487 4409 1637 4474 dum
1680 4411 1747 4476 in
1791 4413 2078 4480 favillam

723 4515 882 4564 caro
929 4503 1075 4571 haec
1116 4507 1436 4591 redigitur
1449 4559 1468 4595 ,
1514 4520 1840 4581 transeam
1884 4517 1970 4582 ad
2004 4520 2180 4587 illam

715 4606 993 4694 terram,
1035 4611 1102 4677 iu
1149 4633 1277 4697 qua
1319 4616 1599 4686 habeam
1646 4623 1928 4705 quietem
1971 4630 2402 4712 tranquillam.

2825 923 2921 987 25

2829 2104 2931 2168 3⁵

2827 2694 2929 2759 40

2826 3365 2923 3429 45

2822 4529 2919 4594 55
