3159 5259
2645 320 2773 387 861

148 492 318 559 Jesn
361 494 487 559 mei
533 494 874 577 miserere,
1516 500 1747 566 Totum
1792 502 1905 586 sit,
1953 504 2127 587 qued
2173 523 2302 589 ego
2346 506 2509 593 dixi,
2642 512 2771 575 665

149 593 260 661 fac
301 615 405 659 me
451 596 671 659 laetum
715 602 783 660 te
829 594 1057 661 videre
1515 604 1604 670 ad
1646 605 1961 671 honorem
2008 609 2299 675 crucifixi

242 705 310 763 et
354 697 656 781 amplecti
702 698 1009 780 dulciter3
1280 703 1408 764 555
1602 717 1670 775 et
1714 711 1968 776 laudem
2016 721 2084 777 et
2116 714 2425 800 gloriam3

137 798 336 885 jungi
377 801 599 866 choris
647 802 1032 885 angelorum
1512 818 1584 877 tu
1627 829 1915 878 meorum
1958 822 2409 898 peccatorum,

149 912 344 987 utque
391 906 640 971 civibus
685 912 1055 971 sanctorum
1069 952 1088 987 ,
1509 914 1802 997 gloriose
1845 936 1970 983 rex
2014 918 2355 1003 coelorum,

237 1015 304 1072 te
348 1007 622 1074 laudm
655 1007 926 1093 jugiter.
1597 1016 1753 1081 mihi
1796 1014 1968 1082 dona
2010 1020 2285 1084 veniam.
2639 1025 2768 1089 570

146 1195 342 1280 Jesu,
379 1198 584 1263 trinus
629 1199 694 1263 in
740 1199 1073 1284 personis,
1261 1266 1272 1275 „
1511 1202 1794 1268 Genitori
1832 1208 2187 1289 genitoque,

146 1319 271 1384 per
303 1301 606 1364 virtutem
641 1302 966 1385 passionis
1275 1304 1404 1367 560
1501 1308 1862 1387 procedenti
1904 1309 1985 1374 ab
2029 1316 2289 1394 utroque

235 1410 307 1470 tu
349 1403 626 1486 simplex
670 1402 985 1487 essentia,
1594 1408 1737 1472 laus
1780 1412 1842 1473 et
1870 1410 2199 1492 jubilatio,

146 1524 252 1571 me
297 1504 381 1568 de
427 1505 551 1567 tuis
593 1505 781 1588 reple
827 1503 1016 1569 donis
1503 1526 1716 1574 sacrae
1760 1510 2000 1591 virgini
2043 1512 2276 1578 Mariae

146 1611 218 1669 et
260 1605 522 1668 aeternis
565 1604 693 1669 frui
736 1605 924 1670 bonis
1501 1608 1752 1690 totique
1796 1609 1945 1673 coeli
1993 1612 2192 1676 euriae
2634 1618 2763 1680 5⁷5

235 1721 449 1778 tecum
493 1714 601 1778 fac
647 1714 713 1778 in
754 1715 989 1797 patria.
1571 1709 1736 1775 -laus
1780 1713 1863 1775 sit
1904 1713 2103 1800 plena
2145 1716 2404 1798 gaudie.
2469 1738 2675 1783 amen.

323 1894 710 1951 Reichenauer
746 1897 839 1953 Hs.
879 1898 987 1953 No.
1021 1898 1128 1955 36..
1156 1896 1239 1953 Bl.
1275 1899 1360 1952 47.
1414 1896 1516 1952 mit
1550 1896 1675 1950 dem
1712 1896 1965 1953 Beisatz:
2022 1900 2252 1969 explicit
2298 1901 2629 1972 psalterium
2663 1904 2765 1959 ab·

146 1981 473 2122 breviatur}-
504 1983 574 2037 de
607 1983 832 2039 nomine
867 1984 1065 2055 Jhesu,
1106 1984 1251 2040 deun
1285 2001 1350 2040 es
1386 1982 1535 2040 fehlt
1571 1984 1672 2039 der
1709 1984 1877 2040 dritte
1914 1986 2106 2056 Tbeil,
2146 1989 2219 2043 da
2254 2005 2316 2042 es
2352 2004 2461 2044 nur
2495 1992 2565 2045 96
2600 1989 2765 2047 Stro-

145 2069 297 2140 phen
333 2085 420 2123 sm

321 2211 407 2263 37.
442 2208 514 2262 38
551 2223 657 2262 aus
692 2208 797 2264 No.
832 2210 957 2278 207,
1000 2211 1081 2263 19.
1168 2211 1239 2263 74
1272 2210 1557 2281 mitigans,
1596 2210 1688 2264 Hs.
1766 2210 1871 2263 106
1908 2206 2053 2266 fehlt
2086 2210 2211 2267 eine
2245 2213 2440 2284 Sylbe.
2513 2217 2612 2269 111
2651 2214 2767 2271 und

143 2297 250 2350 114
283 2296 631 2363 illuminasti,
667 2296 762 2350 Hs.
836 2299 942 2351 120
978 2297 1204 2353 donasti
1238 2298 1339 2353 hat
1385 2297 1509 2352 eine
1545 2296 1727 2368 Sylbe
1774 2314 1845 2351 zu
1890 2297 2026 2352 viel.
2100 2301 2203 2353 132
2238 2299 2529 2356 vielleicht
2564 2301 2765 2358 Moser

139 2383 339 2439 solvis.
413 2382 901 2452 135'1acrimante‚
937 2385 1032 2439 Hs.
1107 2387 1210 2440 143
1247 2385 1407 2454 diem,
1443 2384 1538 2440 Hs.
1615 2385 1720 2440 183
1756 2384 2014 2454 reddens,
2055 2388 2151 2441 Hs.
2232 2390 2338 2442 213
2389 2387 2481 2442 die
2517 2389 2763 2461 richtige

138 2470 344 2525 Lesart
377 2471 454 2527 ist
489 2476 669 2526 etwa:
725 2472 925 2529 mortis
961 2473 1020 2526 in
1055 2473 1336 2544 augustia.
1433 2475 1539 2527 222
1588 2472 1667 2528 ist
1700 2471 1823 2528 wel
1858 2490 1927 2528 zu
1963 2477 2157 2528 setzen
2205 2475 2408 2541 salvas,
2473 2474 2617 2530 deun
2656 2477 2765 2533 du

140 2557 390 2613 Prfisens
439 2557 550 2630 gilt
599 2559 658 2613 in
709 2559 919 2614 diesem
951 2561 1123 2615 Liede
1169 2559 1471 2616 mehrmals
1508 2556 1605 2615 fiir
1645 2559 1753 2615 den
1790 2560 2014 2629 Aorist,
2077 2575 2201 2615 was
2238 2560 2347 2615 den
2382 2560 2765 2618 Absehreiber

141 2643 383 2714 bevmg,
438 2646 497 2699 in
534 2645 768 2700 solchen
805 2646 1025 2700 Stellen
1060 2646 1162 2701 das
1197 2645 1427 2702 Pei-fect
1462 2664 1534 2701 zu
1567 2652 1789 2718 setzen‚
1837 2648 2113 2703 wodurch
2149 2648 2290 2703 aber
2327 2648 2427 2703 dus
2464 2649 2763 2707 Versmass

141 2732 369 2800 gestiit-t
382 2730 594 2785 wurde.
620 2733 725 2785 255
753 2732 1060 2801 scientiam,
1087 2732 1306 2788 scheint
1329 2730 1655 2802 fehlerhaft,
1675 2735 1827 2789 steht
1845 2734 1985 2789 aber
2004 2751 2070 2789 so
2090 2735 2148 2789 in
2169 2735 2268 2789 der
2289 2736 2383 2791 Hs.
2418 2738 2525 2790 263
2546 2731 2763 2794 fontem

141 2817 237 2872 Hs.
299 2817 404 2875 281
443 2817 653 2887 delens,
688 2818 782 2873 Hs.
847 2820 954 2873 284
990 2835 1130 2888 quo,
1167 2819 1264 2873 Hs.
1316 2821 1422 2872 287
1443 2818 1641 2888 calcet,
1670 2820 1762 2874 Hs.
1818 2822 1926 2874 300
1952 2821 2219 2890 peccatis,
2258 2823 2377 2877 Hs..
2399 2825 2508 2876 330
2542 2825 2650 2879 hac
2685 2825 2764 2882 ist

144 2903 496 2974 iiberzfihlig.
568 2905 675 2957 380
711 2909 770 2958 et
802 2900 839 2958 f.
877 2909 955 2973 tu,
992 2905 1087 2960 Hs.
1158 2906 1265 2959 383
1305 2920 1470 2975 quam
1507 2902 1544 2958 f.
1584 2910 1661 2973 tu,
1698 2906 1792 2960 Hs.
1846 2908 1955 2960 398
1990 2914 2049 2961 et
2083 2904 2123 2962 f.
2160 2913 2280 2978 est,
2316 2909 2407 2963 Hs.
2478 2911 2585 2964 423
2622 2916 2764 2969 stntt

140 2994 231 3064 qui
265 2992 444 3045 volens
479 2991 676 3044 besser
713 2991 932 3045 volebas.
1003 2993 1110 3046 477
1146 2991 1536 3063 ingemiscam
1572 2992 1669 3047 Hs.
1741 2994 1954 3048 502-4
1982 2994 2106 3048 sind
2133 2994 2481 3065 verderben3
2518 2994 2613 3051 fiir
2629 3012 2760 3054 πιθα

140 3094 293 3132 muss
331 3077 422 3131 ein
458 3076 696 3131 anderes
732 3077 914 3132 Wort
948 3081 1162 3132 stehen.
1235 3080 1343 3132 504
1379 3077 1705 3147 illustrans,
1744 3079 1838 3133 Hs.
1910 3083 2016 3134 507
2052 3097 2167 3150 me,
2204 3082 2297 3135 Hs.
2334 3085 2552 3137 crimine
2587 3082 2759 3140 reimt

141 3165 325 3233 nicht,
380 3163 671 3220 vielleicht
705 3164 781 3220 ist
812 3170 1025 3236 peccato
1066 3183 1136 3220 zu
1171 3170 1378 3221 setzen.
1476 3168 1582 3220 546
1619 3167 1832 3237 adjuva
1871 3183 1985 3235 me,
2020 3167 2121 3222 Hs,
2213 3169 2320 3222 567
2358 3169 2432 3223 ad
2469 3169 2614 3224 laud.
2662 3171 2758 3227 Hs.

319 3293 384 3348 V.
426 3297 473 3349 1.
536 3294 663 3350 Joh.
701 3296 796 3363 14,
833 3295 882 3349 6.
950 3295 1184 3349 Ambros.
1232 3294 1302 3348 de
1338 3291 1447 3348 fide
1484 3295 1539 3363 3,
1576 3298 1624 3348 7.
1680 3300 1813 3366 sagt
1850 3294 2126 3349 dariiber:
2191 3294 2315 3348 Viae
2352 3292 2558 3350 domini
2595 3297 2756 3354 velut

139 3380 367 3452 quidam
403 3381 654 3437 tramites
691 3381 858 3435 bonae
892 3380 1030 3435 vitae
1067 3385 1210 3450 sunt,
1247 3380 1343 3450 qui
1379 3380 1698 3452 diriguntur
1734 3397 1771 3435 ιι
1814 3380 2059 3437 Christo.
2133 3380 2388 3437 Christus
2419 3383 2563 3437 enim
2592 3384 2757 3439 nobis

139 3469 237 3523 via
277 3474 378 3523 est.
443 3475 501 3523 et
536 3468 689 3523 bona
723 3464 847 3535 via,
895 3483 1022 3537 quae
1060 3467 1417 3521 credentibus
1455 3466 1587 3521 coeli
1623 3482 1801 3539 regnu
1836 3464 2121 3537 patefecit.
2192 3468 2382 3525 Ueber
2418 3469 2508 3524 die
2545 3470 2759 3527 Wahr-

141 3555 259 3609 heit
295 3556 395 3610 hat
432 3557 583 3609 Clem.
619 3556 767 3609 Alex.
805 3559 998 3609 strom.
1037 3556 1086 3624 1,
1122 3556 1208 3608 20.
1264 3554 1353 3609 die
1392 3552 1678 3609 treffliehe
1715 3554 1923 3610 Stelle.
1977 3552 2115 3627 μιᾶς
2150 3552 2316 3627 οὔσης
2355 3556 2452 3629 τῆς
2490 3552 2759 3629 ἀληθείας

139 3640 318 3698 πολλὰ
353 3642 420 3696 τὰ
457 3639 943 3715 συλλαμρανόμενα
979 3640 1123 3717 πρὸς
1158 3639 1371 3712 ζήτησιν
1407 3660 1530 3695 αυτ
1513 3662 1605 3711 55·
1649 3639 1684 3714 ἦ
1724 3641 1785 3696 δὲ
1823 3639 2056 3717 εὕρησις,
2100 3642 2169 3697 δι’
2208 3643 2333 3699 ὐἱοῦ
2367 3645 2520 3713 (scil.
2559 3646 2696 3716 dei).

317 3729 382 3784 V.
416 3733 501 3785 23.
551 3731 950 3806 ἐπιστρέφοντα
998 3728 1121 3797 νῦν,
1173 3727 1268 3786 τὸν
1324 3726 1536 3784 ἄσωτον
1593 3749 1670 3790 ως
1718 3727 1914 3796 πάλαι,
1970 3729 2387 3805 προσπίπτοντά
2437 3753 2528 3787 σοι
2583 3733 2756 3799 δέξαι,

141 3816 429 3894 ἐπουράνιε
464 3815 655 3892 πάτερ.
698 3814 941 3873 Tnodiou
974 3818 1042 3885 A,
1068 3817 1118 3871 6.
1190 3816 1263 3872 σὺ
1297 3808 1349 3871 εἲ
1381 3814 1412 3870 ὁ
1450 3835 1621 3887 ποιμῃ
1593 3813 1658 3870 ἲν
1694 3814 1726 3871 ὁ
1761 3815 1945 3882 καλὸς,
1982 3815 2206 3888 ζήτησόν
2239 3837 2309 3888 με
2345 3816 2437 3872 τὸν
2474 3816 2629 3892 ἄρνα,
2665 3822 2759 3872 καὶ

139 3910 486 3980 πλανηθέντα
521 3906 595 3981 μὴ
634 3908 875 3984 παρίδῃς
911 3927 1004 3979 με.
1055 3906 1300 3962 Triodwn
1335 3905 1373 3973 1,
1409 3908 1458 3960 3.

313 3997 378 4050 V.
413 3999 496 4050 26.
533 3997 699 4051 Diese
737 3996 1019 4066 Beispiele
1055 3996 1289 4050 werden
1325 3994 1383 4049 in
1420 3992 1524 4047 den
1563 3993 1957 4064 griechischen
1994 3992 2456 4048 Kirchenliedern
2493 3993 2628 4046 sehr
2666 3990 2756 4049 oft

138 4080 461 4154 angefiihrt.
507 4082 600 4137 τὸν
636 4082 836 4153 Δανιὴλ
874 4082 930 4136 ἐν
965 4080 1044 4152 τῷ
1080 4080 1259 4152 λάκκῳ
1297 4077 1571 4150 ἤκουσας,
1625 4083 1893 4153 ἔγνωκας,
1946 4079 2069 4142 πῶς
2104 4084 2159 4135 οἱ
2194 4081 2389 4142 παῖδες
2425 4082 2655 4154 ἔσβεσαν
2688 4080 2757 4152 τῇ

138 4177 318 4228 πίστει
367 4175 598 4242 καμίνου
657 4168 855 4243 φλόγα.
925 4170 1170 4224 Madian
1208 4169 1261 4224 K
1282 4209 1297 4237 ,
1334 4171 1384 4223 3.
1492 4167 1570 4230 cic
1620 4165 1799 4223 Ἰωνᾶν
1848 4166 1941 4224 τὸν
1986 4166 2271 4243 προφήτην
2325 4166 2612 4243 ἐλυτρώσω
2657 4164 2757 4223 τοῦ

138 4258 363 4331 κήτους,
418 4255 557 4330 κᾴμὲ
591 4255 691 4313 τοῦ
738 4254 930 4330 βυθοῦ
978 4254 1087 4311 τῶν
1135 4254 1493 4328 πταισμάτων
1541 4253 1802 4327 ἀνάγαγε.
1872 4256 1993 4312 Juli
2048 4260 2132 4311 11.
2203 4255 2281 4318 οἷς
2326 4255 2419 4312 τὸν
2471 4253 2757 4331 προφήτην

136 4344 320 4403 Ἰωνᾶν
359 4344 601 4420 ἀνάγαγε
643 4346 704 4401 ἐκ
738 4343 972 4421 φθορᾶς
1008 4344 1102 4416 τὴν
1135 4342 1276 4415 ζωήν
1309 4365 1437 4417 μου.
1487 4345 1613 4401 Jan.
1652 4346 1698 4398 1.

316 4436 380 4490 V.
417 4439 502 4491 31.
567 4435 906 4502 Quantasvis
943 4434 1089 4489 enim
1125 4434 1280 4488 vires
1317 4434 1526 4488 habeat
1561 4433 1925 4499 lacertorum,
1962 4432 2057 4501 qui
2093 4436 2256 4487 natat
2288 4432 2345 4486 in
2382 4430 2609 4503 pelago,
2648 4431 2754 4485 ali-

134 4522 361 4595 quando
396 4521 779 4594 magnitudine
815 4521 987 4576 muris
1022 4521 1207 4576 victus
1247 4521 1604 4575 absorbetur.
1660 4537 1802 4590 opus
1839 4522 1929 4574 est
1962 4534 2106 4590 ergo
2127 4560 2142 4588 ‚
2196 4525 2260 4574 ut
2294 4520 2355 4573 in
2392 4519 2525 4575 navi
2564 4519 2755 4587 simus,

137 4611 250 4665 hoc
295 4615 412 4680 est,
476 4614 539 4667 ut
584 4608 643 4664 in
691 4609 850 4679 ligno
898 4614 1216 4679 portemur,
1279 4613 1343 4664 ut
1385 4624 1542 4663 mare
1591 4609 1702 4663 hoc
1750 4605 1997 4662 transire
2034 4606 2336 4663 valeamus.
2418 4608 2529 4663 hoc
2564 4612 2757 4663 autem

135 4700 370 4775 lignum,
406 4714 518 4774 quo
555 4696 856 4757 infirmitas
892 4701 1092 4756 nostra
1125 4702 1408 4771 portatur,
1444 4713 1584 4755 crux
1616 4700 1706 4753 est
1739 4694 1964 4752 domini.
2002 4727 2068 4739 -
2106 4694 2381 4768 Discipuli
2413 4696 2473 4753 iu
2509 4695 2759 4753 ecclesie.
