3159 5259
2665 268 2798 334 193

185 451 528 509 1911th
597 449 979 506 unovusS.
1047 450 1538 521 &pangens
1592 445 2089 522 32jamfehlt8.
2145 448 2570 520 aspenieisa.
2630 451 2796 508 sset

189 539 344 598 fehlt
377 538 436 599 S.
507 540 579 592 50
613 534 1086 593 ιιίνεὶὶνὶιιοὸ.
1157 537 1419 591 ὅ2ο1ειιι.
1454 535 1724 593 tantaeS.
1794 535 2179 593 55miseriS.

366 659 432 715 V.
470 663 518 714 1
568 659 689 715 Rex
724 663 921 714 noster
960 662 1049 712 est
1083 657 1335 712 dominus
1370 657 1537 713 Jesus
1574 657 1862 726 Christus,
1917 657 2012 727 qui
2061 657 2225 713 nobis
2262 659 2549 729 pugnandi
2585 664 2644 714 et
2677 661 2800 715 vin-

187 749 353 806 cendi
389 746 796 803 demonstravit
832 745 1155 816 exemplum.
1209 744 1473 815 Auymteu.
1509 744 1622 800 div,
1658 749 1854 815 quaest.
1889 744 1977 813 61,
2012 747 2061 799 2.
2132 745 2293 800 Auch
2328 745 2387 800 in
2422 745 2528 801 den
2563 747 2799 803 Menfien

185 836 446 915 βασιλεὺς·
479 834 586 893 τῶν
618 832 1024 909 βασιλευόντων.
1076 832 1206 889 Feb.
1241 835 1324 886 21.
1361 831 1505 887 nach
1538 830 1774 902 Apocal.
1812 830 2018 899 19,16.

368 924 433 979 V.
472 927 518 977 1.
551 926 602 977 2.
657 923 791 989 Quis
828 925 916 975 est
949 920 1057 975 iste
1093 935 1274 991 agnus
1310 925 1370 975 et
1403 919 1542 974 leo?
1603 918 1752 973 mitis
1789 922 1848 972 et
1881 871 2081 987 i'ortis,
2119 918 2377 974 amabilis
2415 925 2475 975 et
2510 921 2799 993 terribilis,

190 1012 463 1067 innocens
500 1016 560 1065 et
592 1015 815 1081 potens,
850 1014 1043 1063 tacens
1074 1007 1378 1081 judicatus,
1414 1004 1663 1060 fremens
1692 1005 2076 1079 judicaturus,
2113 1006 2172 1060 in
2205 1007 2474 1077 passione
2508 1024 2708 1080 agnus,
2742 1010 2800 1065 in

185 1096 605 1154 resurrectione
639 1097 746 1151 leo.
817 1094 875 1150 S.
911 1097 1180 1165 Aufer-stim
1214 1110 1504 1148 sermones
1540 1092 1759 1163 inediti,
1794 1093 1879 1147 ed.
1915 1093 2077 1148 Denis
2108 1109 2160 1164 p.
2200 1096 2281 1147 12.
2354 1094 2473 1149 Rex
2510 1113 2705 1168 regum
2742 1103 2801 1155 et

182 1185 364 1259 judex
403 1183 655 1259 judicum
702 1187 877 1237 nennt
921 1181 1016 1235 ihn
1065 1182 1283 1236 Anseim.
1324 1182 1466 1235 Cant.
1501 1180 1687 1235 medit.
1726 1182 1809 1235 13.
1880 1179 1985 1237 mit
2020 1180 2212 1251 Bezug
2247 1178 2354 1235 auf
2380 1181 2480 1236 das
2519 1183 2803 1241 Osterfest

193 1279 333 1346 sagt
386 1274 625 1328 Albanas.
662 1272 719 1326 in
754 1287 837 1342 ps.
871 1272 959 1338 22,
996 1269 1079 1323 62.
1128 1284 1243 1323 von
1279 1267 1563 1326 Christus:
1620 1265 1785 1329 αὐτός
1820 1267 1937 1323 ἐστι
1958 1267 2230 1341 ,βασιλεὺς
2264 1268 2373 1323 τῶν
2408 1270 2802 1342 βασιλευόντων

191 1364 287 1416 καὶ
323 1358 512 1436 κύριος
545 1361 652 1414 τῶν
689 1353 1043 1433 κυριευόντων
1077 1358 1168 1410 καὶ
1201 1353 1369 1427 μόνος
1407 1356 1675 1427 δεσπότης
1722 1355 1926 1419 παντὸς
1960 1353 2061 1411 τοῦ
2094 1360 2286 1430 γένους
2321 1355 2428 1415 τῶν
2466 1355 2802 1433 ἀνθρώπων,

193 1444 272 1510 ὥς
309 1444 475 1518 μόνος
507 1444 713 1508 αὐτοὺς
750 1442 1098 1519 ἐξαγοράσας
1133 1440 1212 1514 τῷ
1248 1442 1369 1514 ἰδίῳ
1408 1444 1612 1515 αἵματι.
1673 1443 1751 1497 Ει·
1785 1442 1885 1497 hat
1919 1442 2046 1497 also
2083 1443 2172 1497 die
2209 1444 2507 1500 Menschen
2542 1443 2651 1500 auf
2678 1446 2800 1501 dem

191 1530 630 1590 Sclavenmarkt
663 1530 760 1583 des
789 1527 1016 1585 Teusels
1051 1527 1153 1582 mit
1189 1528 1396 1583 seinem
1424 1528 1590 1582 Blute
1626 1525 1973 1599 losgekauft‚
2011 1528 2123 1582 und
2158 1528 2353 1585 darum
2387 1530 2489 1586 hat
2524 1549 2589 1587 er
2623 1534 2803 1590 selbst

190 1619 656 1691 Knechtsgestalt
691 1631 1107 1689 angenommen.
1177 1615 1443 1671 Dominus
1478 1620 1675 1670 noster
1709 1617 1875 1671 Jesus
1920 1613 2175 1672 Christus
2229 1622 2288 1670 et
2323 1614 2416 1672 leo
2453 1618 2641 1689 potuit
2676 1638 2803 1676 esse

191 1714 254 1764 et
289 1724 487 1778 agnus,
525 1705 627 1760 sed
661 1704 790 1775 quia
825 1719 928 1758 nec
963 1704 1058 1759 leo
1085 1719 1189 1758 nec
1216 1720 1397 1775 agnus
1424 1720 1530 1774 per
1557 1703 1880 1774 essentiam,
1915 1710 1975 1759 et
2000 1703 2095 1758 leo
2123 1709 2183 1759 et
2209 1719 2389 1776 agnus
2417 1721 2520 1776 per
2544 1703 2801 1780 figuram.

190 1797 249 1853 S.
287 1798 557 1866 Aufustini
593 1808 779 1847 sermo
802 1793 863 1860 ’4,
898 1792 985 1844 25.

367 1881 436 1935 V.
471 1882 519 1936 8.
573 1880 772 1952 rapina
808 1878 1042 1949 gloriae,
1079 1879 1182 1934 der
1217 1879 1433 1935 Genuss
1470 1879 1574 1933 der
1607 1879 1961 1934 verbotenen
1997 1877 2207 1933 Frucht
2242 1879 2318 1933 im
2353 1879 2671 1939 Paradiese.

368 1970 433 2024 V.
474 1970 541 2023 13
576 1964 670 2039 fig.
725 1967 872 2020 Was
907 1967 1029 2020 hier
1063 1982 1177 2020 von
1215 1966 1316 2021 der
1352 1963 1631 2037 Oeffnung
1667 1967 1767 2021 des
1803 1965 2137 2020 Paradieses
2173 1973 2380 2039 gesagt
2414 1969 2491 2024 ist
2525 1971 2583 2026 in
2609 1972 2803 2046 Bezug

192 2055 304 2113 anf
343 2057 450 2111 den
485 2057 609 2112 'rod
646 2054 884 2123 Christi,
947 2053 1097 2108 wird
1141 2055 1201 2108 in
1245 2053 1354 2108 den
1388 2054 1624 2109 Menien
1671 2053 1766 2108 bei
1811 2053 1994 2107 seiner
2029 2052 2241 2109 Geburt
2284 2071 2355 2110 so
2390 2058 2801 2129 ausgedriickt:

192 2154 311 2209 τοῖς
346 2149 566 2202 ἔθνεσιν
599 2142 839 2215 ἤνοικται
872 2141 970 2213 τῆς
1003 2139 1156 2215 Ἑδὲμ
1191 2141 1348 2213 πύλη,
1389 2143 1706 2213 τικτομένου
1743 2141 1799 2197 ἐν
1818 2143 2066 2212 σπηλαίῳ
2102 2139 2202 2197 τοῦ
2236 2144 2523 2219 λυτρωτοῦ.
2559 2148 2689 2203 Dec.
2714 2151 2801 2205 23.

192 2235 331 2291 Hier
366 2234 442 2287 ist
475 2233 576 2287 das
612 2230 883 2287 Paradies
919 2230 1008 2284 die
1045 2229 1366 2285 christliche
1403 2229 1629 2298 Kirche,
1667 2228 1757 2282 die
1784 2227 1960 2283 durch
1996 2227 2093 2282 des
2119 2230 2379 2286 Erlhsers
2407 2232 2616 2290 Geburt
2650 2236 2806 2291 nicht

191 2339 307 2378 nur
341 2323 451 2376 den
483 2320 695 2390 Juden,
749 2318 994 2374 sondern
1033 2316 1179 2372 auch
1213 2316 1320 2371 den
1353 2315 1567 2371 Heiden
1604 2318 1808 2386 (ἔθνη)
1861 2316 1911 2370 d.
1946 2318 1999 2370 h.
2035 2315 2188 2371 allen
2223 2318 2477 2375 Volkern
2513 2323 2616 2378 der
2650 2323 2801 2378 Erde

191 2406 447 2482 geoffnet
479 2408 692 2463 wurde.
762 2408 875 2462 Der
910 2420 1091 2460 neuen
1126 2403 1502 2471 Menschheit,
1540 2402 1666 2457 dem
1701 2402 1952 2457 erliisten
1989 2403 2168 2461 Adam
2201 2405 2279 2461 ist
2312 2406 2414 2463 das
2448 2424 2591 2465 neue
2628 2411 2804 2466 Para·-

191 2499 317 2554 dies
352 2494 676 2568 aufgethan,
714 2493 982 2551 nachdem
1016 2492 1119 2547 der
1151 2493 1326 2547 Baum
1361 2491 1461 2546 des
1496 2490 1685 2546 Todes
1721 2488 1897 2544 durch
1934 2489 2045 2546 den
2080 2492 2256 2547 Baum
2293 2493 2393 2549 ‹les
2426 2495 2663 2568 Lebens,
2700 2499 2801 2555 das

190 2587 416 2655 Krousa,
451 2589 661 2639 ersetzt
693 2582 944 2638 worden.

372 2674 437 2728 V.
471 2675 556 2728 22.
608 2672 840 2729 Ambros.
876 2670 1122 2723 hexaem.
1160 2670 1208 2735 1,
1227 2669 1274 2721 4.
1315 2665 1618 2736 quotannis
1651 2665 1792 2721 Jesu
1828 2664 2039 2720 Christi
2073 2670 2287 2737 pascha
2323 2671 2656 2743 celebratur,
2692 2674 2804 2729 hoc

192 2765 312 2830 est,
361 2760 670 2817 animarum
705 2757 976 2814 transitus
1022 2772 1062 2811 a
1095 2753 1247 2812 vitiis
1282 2753 1356 2809 ad
1390 2752 1661 2807 virtutem
1679 2792 1695 2820 ,
1757 2768 1794 2806 a
1830 2752 2193 2822 passionibus
2230 2759 2415 2813 carnis
2451 2760 2524 2815 ad
2560 2762 2806 2832 gratiam

192 2847 692 2919 sobrietatemque‘
707 2846 938 2914 mentis,
975 2859 1011 2898 a
1044 2842 1275 2898 malitiae
1313 2839 1685 2912 nequitiaeque
1722 2835 2004 2895 fermento
2041 2841 2114 2896 ad
2148 2844 2448 2901 veritatem
2487 2852 2545 2901 et
2579 2848 2812 2903 sinceri-

190 2945 385 2996 tatem.

369 3025 435 3080 V.
468 3026 555 3079 23.
608 3024 861 3095 Chryso-st.
894 3020 1022 3076 adv.
1055 3018 1181 3075 Jud.
1216 3020 1270 3084 3,
1303 3019 1354 3071 4.
1407 3014 1469 3071 τὸ
1511 3012 1748 3069 παλαιὸν
1791 3010 1989 3082 πάσχα
2041 3013 2216 3078 τύπος
2262 3008 2329 3087 ἦν
2376 3015 2479 3072 τοῦ
2519 3019 2810 3088 μέλλοντος

190 3113 452 3170 ἔσεσθαι.
519 3111 660 3167 Men.
713 3109 866 3181 Sept.
919 3109 1003 3160 14.
1084 3104 1154 3161 τὰ
1202 3100 1412 3180 ἀρχαῖα
1459 3098 1782 3178 παρῆλθεν,
1848 3098 2004 3167 ἰδοὺ,
2067 3100 2136 3156 τὰ
2182 3100 2363 3159 πάντα
2414 3103 2587 3160 καινά.
2667 3107 2813 3163 nach

191 3202 234 3255 2
271 3198 405 3254 Kor.
441 3200 493 3266 5,
532 3200 614 3251 17.

376 3284 441 3338 V.
476 3285 561 3339 28.
607 3284 668 3341 ln
715 3284 906 3353 Bezug
959 3276 1066 3335 auf
1106 3277 1362 3336 Christus
1410 3275 1589 3331 heisst
1637 3277 1738 3332 der
1792 3271 1990 3331 Teusel
2039 3273 2229 3347 νοητὸς
2278 3275 2502 3354 Φαραώ.
2564 3280 2689 3336 Jan.
2724 3286 2809 3337 27.

193 3373 542 3429 Persecutor
603 3369 919 3441 Aegyptius
1000 3367 1228 3422 Pharao
1241 3406 1256 3436 ,
1341 3363 1699 3436 persequitur
1770 3362 2041 3435 populum
2109 3363 2475 3422 christianum
2538 3368 2813 3427 diabolus.

192 3461 260 3521 S.
292 3462 564 3531 Auqmtini
593 3474 779 3513 sermo
816 3459 867 3525 4,
903 3459 953 3511 9.

388 3546 453 3600 V.
489 3547 572 3599 31.
630 3544 796 3598 domo
831 3558 957 3598 una.
1026 3542 1285 3598 Dieselbe
1323 3541 1648 3612 Beziehung
1682 3541 1783 3596 hat
1815 3541 1991 3595 schon
2031 3541 2271 3612 Cypmn.
2300 3542 2404 3611 (de
2440 3545 2575 3600 unit.
2614 3548 2813 3604 eccles.

201 3650 259 3706 p.
295 3633 460 3701 399);
499 3635 905 3686 sacramentum
941 3631 1166 3701 paschas
1201 3629 1342 3685 nihil
1377 3629 1530 3685 alind
1565 3630 1623 3683 in
1660 3629 1826 3684 exodi
1863 3628 1994 3700 lege
2030 3632 2296 3720 ‹pntinet
2334 3650 2497 3705 quam
2525 3639 2588 3691 ut
2614 3652 2813 3709 agnus,

194 3719 296 3791 qui
330 3720 387 3773 in
421 3715 606 3790 figura
641 3719 847 3787 (ἔνεπεν
881 3713 1152 3788 figuram)
1189 3717 1398 3774 Christi
1433 3717 1739 3786 occiditur,
1801 3717 1860 3770 in
1896 3716 2064 3772 domo
2110 3735 2222 3773 una
2257 3692 2470 3776 edatur.
2527 3753 2591 3765 --
2658 3724 2810 3780 Caro

193 3807 413 3866 Christi
457 3813 517 3861 et
562 3811 816 3861 sanctum
864 3805 1072 3861 domini
1118 3805 1252 3878 eJ'ici
1301 3801 1463 3860 foras
1511 3820 1626 3860 non
1675 3809 1899 3875 potest,
1968 3820 2073 3860 nec
2120 3806 2235 3862 alia
2293 3807 2413 3863 ulla
2461 3810 2815 3867 credentibus

203 3902 421 3970 praeter
457 3911 622 3952 unam
658 3895 952 3950 ecclesiam
988 3895 1184 3950 (lomus
1220 3899 1323 3950 est.

375 3984 440 4038 V.
475 3984 560 4038 44).
611 3983 845 4039 Ambros.
880 3981 1039 4054 epist.
1077 3982 1147 4037 cl.
1182 3985 1231 4050 1,
1276 3983 1361 4036 30.
1401 3986 1535 4053 sagt
1567 3981 1663 4036 bei
1698 3981 1824 4036 (lem
1862 3979 2020 4035 Tode
2060 3982 2297 4038 Christi:
2337 3983 2509 4039 draco
2544 3984 2725 4040 victus
2752 3986 2815 4042 in

194 4069 463 4130 fluctibns
499 4071 615 4126 suis
651 4071 795 4126 vidit
831 4072 1147 4141 piscatores
1182 4070 1465 4126 hominum
1499 4087 1614 4125 non
1647 4071 1832 4126 solum
1876 4070 2217 4141 navigantes
2253 4071 2312 4125 in
2345 4071 2489 4126 mari
2523 4070 2623 4125 sed
2645 4073 2816 4129 etiam

195 4159 552 4217 ambulantes
589 4159 710 4212 sine
747 4158 1014 4230 periculo.
1105 4162 1370 4231 Anqu-stin.
1421 4162 1619 4228 (serm.
1654 4159 1779 4227 130,
1812 4160 1881 4228 2)
1947 4159 2266 4230 vergleicht
2317 4161 2421 4214 das
2470 4160 2655 4215 Kreuz
2715 4163 2818 4220 mit

195 4249 357 4306 einer
392 4244 551 4302 Falle
599 4243 699 4300 fiir
735 4246 843 4301 den
878 4245 1104 4303 Teufel:
1167 4248 1240 4303 ad
1287 4247 1529 4320 pretium
1574 4253 1830 4303 nostrum
1869 4246 2128 4303 Christus
2174 4248 2413 4303 tetendit
2445 4250 2813 4322 muscipulam

198 4352 426 4394 crucem
462 4350 634 4403 suam,
669 4335 864 4405 posuit
898 4335 978 4391 ibi
1013 4338 1174 4408 quasi
1209 4353 1395 4393 escam
1421 4337 1749 4409 sanguinem
1779 4351 1952 4391 suam.
1990 4334 2248 4391 diabolus
2274 4337 2459 4407 potuit
2484 4340 2817 4411 sanguinem

196 4425 368 4480 istum
415 4421 647 4479 fundere
666 4464 683 4493 ,
745 4440 859 4479 non
903 4425 1113 4480 meruit
1157 4425 1366 4480 bibere.
1436 4424 1708 4483 Dasselbe
1756 4421 1890 4479 Bild
1934 4422 2083 4478 wird
2129 4422 2202 4478 im
2250 4439 2435 4480 sermo
2475 4428 2595 4495 134,
2633 4428 2668 4481 6
2714 4443 2816 4499 ge·

198 4513 455 4570 braucht.
527 4511 621 4569 τὸν
675 4509 974 4588 ἀρχέκακον
1025 4517 1118 4569 καὶ
1163 4513 1368 4590 βύθιον
1421 4515 1692 4591 δράκοντα
1747 4511 2015 4585 θεοσόφῳ
2075 4511 2363 4587 &deductu
2399 4512 2816 4591 ἆγκιστρεύσας.

201 4601 367 4658 Goar.
400 4617 453 4671 p.
492 4602 612 4656 600.
677 4600 934 4658 Christus
983 4602 1324 4661 descendens
1373 4605 1447 4660 ad
1500 4600 1714 4659 inferos
1770 4619 1871 4658 eos
1938 4600 2232 4671 liberavit,
2305 4601 2399 4674 qui
2432 4618 2540 4673 pro
2574 4605 2813 4671 peccato

197 4686 371 4761 primi
421 4687 676 4759 parentis
730 4687 810 4744 ibi
863 4689 1225 4764 tenebantur,
1285 4691 1422 4751 iilos
1457 4696 1642 4751 autem
1676 4688 1934 4764 reliquit,
2006 4689 2102 4764 qui
2135 4704 2243 4763 pro
2278 4688 2530 4762 peccatis
2564 4687 2815 4761 propriis

290 4782 458 4835 Mona,
492 4780 664 4830 latein.
699 4782 950 4839 Hymnen.
991 4781 1032 4835 1.
2302 4785 2398 4849 13
