<?xml version="1.0" encoding="UTF-8"?>
<!DOCTYPE html PUBLIC "-//W3C//DTD XHTML 1.0 Transitional//EN"
    "http://www.w3.org/TR/xhtml1/DTD/xhtml1-transitional.dtd">
<html xmlns="http://www.w3.org/1999/xhtml" xml:lang="en" lang="en">
 <head>
  <title>
</title>
<meta http-equiv="Content-Type" content="text/html;charset=utf-8" />
  <meta name='ocr-system' content='tesseract 3.04.00' />
  <meta name='ocr-capabilities' content='ocr_page ocr_carea ocr_par ocr_line ocrx_word'/>
</head>
<body>
  <div class='ocr_page' id='page_1' title='image "./lateinischehymn00unkngoog_0177.png"; bbox 0 0 3159 5259; ppageno 0'>
   <div class='ocr_carea' id='block_1_1' title="bbox 133 470 1010 1072">
    <p class='ocr_par' dir='ltr' id='par_1_1' title="bbox 133 470 1010 1072">
     <span class='ocr_line' id='line_1_1' title="bbox 138 470 1010 554; baseline 0.001 -17"><span class='ocrx_word' id='word_1_1' title='bbox 138 470 487 537; x_wconf 64' lang='lat' dir='ltr'><strong>aunuum</strong></span> <span class='ocrx_word' id='word_1_2' title='bbox 533 470 916 554; x_wconf 57' lang='lat' dir='ltr'><strong>Baeticos,</strong></span> <span class='ocrx_word' id='word_1_3' title='bbox 999 526 1010 538; x_wconf 85' lang='lat'>.</span> 
     </span>
     <span class='ocr_line' id='line_1_2' title="bbox 220 575 985 658; baseline -0.001 -19"><span class='ocrx_word' id='word_1_4' title='bbox 220 576 336 658; x_wconf 85' lang='lat' dir='ltr'><strong>qui</strong></span> <span class='ocrx_word' id='word_1_5' title='bbox 381 581 537 639; x_wconf 85' lang='lat' dir='ltr'><strong>sunt</strong></span> <span class='ocrx_word' id='word_1_6' title='bbox 577 575 732 639; x_wconf 80' lang='lat' dir='ltr'><strong>vitae</strong></span> <span class='ocrx_word' id='word_1_7' title='bbox 774 594 985 640; x_wconf 83' lang='lat' dir='ltr'><strong>vanae.</strong></span> 
     </span>
     <span class='ocr_line' id='line_1_3' title="bbox 137 673 959 760; baseline -0.002 -17"><span class='ocrx_word' id='word_1_8' title='bbox 137 673 369 743; x_wconf 74' lang='lat' dir='ltr'><strong>horum</strong></span> <span class='ocrx_word' id='word_1_9' title='bbox 419 697 590 760; x_wconf 83' lang='lat' dir='ltr'><strong>auge</strong></span> <span class='ocrx_word' id='word_1_10' title='bbox 637 677 959 760; x_wconf 88' lang='lat' dir='ltr'><strong>meritum,</strong></span> 
     </span>
     <span class='ocr_line' id='line_1_4' title="bbox 221 780 962 865; baseline -0.001 -19"><span class='ocrx_word' id='word_1_11' title='bbox 221 782 338 865; x_wconf 89' lang='lat' dir='ltr'><strong>qui</strong></span> <span class='ocrx_word' id='word_1_12' title='bbox 383 790 452 845; x_wconf 81' lang='lat' dir='ltr'><strong>te</strong></span> <span class='ocrx_word' id='word_1_13' title='bbox 491 780 766 847; x_wconf 89' lang='lat' dir='ltr'><strong>credunt</strong></span> <span class='ocrx_word' id='word_1_14' title='bbox 801 799 962 848; x_wconf 83' lang='lat' dir='ltr'><strong>sane</strong></span> 
     </span>
     <span class='ocr_line' id='line_1_5' title="bbox 133 882 685 967; baseline -0.005 -17"><span class='ocrx_word' id='word_1_15' title='bbox 133 883 309 951; x_wconf 87' lang='lat' dir='ltr'><strong>illius</strong></span> <span class='ocrx_word' id='word_1_16' title='bbox 360 882 649 967; x_wconf 82' lang='lat' dir='ltr'><strong>effigiem</strong></span> <span class='ocrx_word' id='word_1_17' title='bbox 668 932 685 966; x_wconf 86' lang='lat'><strong>,</strong></span> 
     </span>
     <span class='ocr_line' id='line_1_6' title="bbox 219 986 987 1072; baseline -0.004 -19"><span class='ocrx_word' id='word_1_18' title='bbox 219 987 336 1072; x_wconf 87' lang='lat' dir='ltr'><strong>qui</strong></span> <span class='ocrx_word' id='word_1_19' title='bbox 382 1007 504 1052; x_wconf 84' lang='lat' dir='ltr'><strong>rex</strong></span> <span class='ocrx_word' id='word_1_20' title='bbox 548 986 622 1051; x_wconf 87' lang='lat' dir='ltr'><strong>fit</strong></span> <span class='ocrx_word' id='word_1_21' title='bbox 668 1008 753 1052; x_wconf 85' lang='lat' dir='ltr'><strong>ex</strong></span> <span class='ocrx_word' id='word_1_22' title='bbox 797 1005 987 1071; x_wconf 87' lang='lat' dir='ltr'><strong>pane.</strong></span> 
     </span>
    </p>
   </div>
   <div class='ocr_carea' id='block_1_2' title="bbox 131 1150 1036 1959">
    <p class='ocr_par' dir='ltr' id='par_1_2' title="bbox 131 1150 1036 1959">
     <span class='ocr_line' id='line_1_7' title="bbox 133 1150 875 1234; baseline -0.004 -15"><span class='ocrx_word' id='word_1_23' title='bbox 133 1150 340 1219; x_wconf 84' lang='lat' dir='ltr'><strong>Salve</strong></span> <span class='ocrx_word' id='word_1_24' title='bbox 395 1159 619 1217; x_wconf 86' lang='lat' dir='ltr'><strong>nostra</strong></span> <span class='ocrx_word' id='word_1_25' title='bbox 663 1150 875 1234; x_wconf 83' lang='lat' dir='ltr'><strong>gloria</strong></span> 
     </span>
     <span class='ocr_line' id='line_1_8' title="bbox 217 1252 855 1321; baseline -0.003 0"><span class='ocrx_word' id='word_1_26' title='bbox 217 1256 292 1321; x_wconf 87' lang='lat' dir='ltr'><strong>in</strong></span> <span class='ocrx_word' id='word_1_27' title='bbox 336 1256 467 1321; x_wconf 85' lang='lat' dir='ltr'><strong>hac</strong></span> <span class='ocrx_word' id='word_1_28' title='bbox 510 1254 645 1319; x_wconf 72' lang='lat' dir='ltr'><strong>vita</strong></span> <span class='ocrx_word' id='word_1_29' title='bbox 692 1252 855 1320; x_wconf 68' lang='lat' dir='ltr'><strong>dura</strong></span> 
     </span>
     <span class='ocr_line' id='line_1_9' title="bbox 132 1358 692 1441; baseline -0.005 -15"><span class='ocrx_word' id='word_1_30' title='bbox 132 1359 316 1426; x_wconf 81' lang='lat' dir='ltr'><strong>labili</strong></span> <span class='ocrx_word' id='word_1_31' title='bbox 362 1368 432 1423; x_wconf 85' lang='lat' dir='ltr'><strong>et</strong></span> <span class='ocrx_word' id='word_1_32' title='bbox 474 1358 692 1441; x_wconf 87' lang='lat' dir='ltr'><strong>flebili,</strong></span> 
     </span>
     <span class='ocr_line' id='line_1_10' title="bbox 222 1459 784 1543; baseline -0.004 -17"><span class='ocrx_word' id='word_1_33' title='bbox 222 1464 357 1527; x_wconf 85' lang='lat' dir='ltr'><strong>cito</strong></span> <span class='ocrx_word' id='word_1_34' title='bbox 404 1459 784 1543; x_wconf 68' lang='lat' dir='ltr'><strong>transitura;</strong></span> 
     </span>
     <span class='ocr_line' id='line_1_11' title="bbox 131 1563 1036 1649; baseline -0.002 -18"><span class='ocrx_word' id='word_1_35' title='bbox 131 1583 254 1631; x_wconf 77' lang='lat' dir='ltr'><strong>uos</strong></span> <span class='ocrx_word' id='word_1_36' title='bbox 301 1565 553 1649; x_wconf 85' lang='lat' dir='ltr'><strong>perduc</strong></span> <span class='ocrx_word' id='word_1_37' title='bbox 597 1563 682 1628; x_wconf 92' lang='lat' dir='ltr'><strong>ad</strong></span> <span class='ocrx_word' id='word_1_38' title='bbox 726 1564 1036 1649; x_wconf 87' lang='lat' dir='ltr'><strong>patriam,</strong></span> 
     </span>
     <span class='ocr_line' id='line_1_12' title="bbox 221 1671 761 1754; baseline -0.004 -18"><span class='ocrx_word' id='word_1_39' title='bbox 221 1690 265 1736; x_wconf 91' lang='lat' dir='ltr'><strong>o</strong></span> <span class='ocrx_word' id='word_1_40' title='bbox 310 1671 472 1736; x_wconf 83' lang='lat' dir='ltr'><strong>felix</strong></span> <span class='ocrx_word' id='word_1_41' title='bbox 516 1671 728 1754; x_wconf 80' lang='lat' dir='ltr'><strong>figura</strong></span> <span class='ocrx_word' id='word_1_42' title='bbox 744 1719 761 1753; x_wconf 90' lang='lat'><strong>,</strong></span> 
     </span>
     <span class='ocr_line' id='line_1_13' title="bbox 134 1772 925 1854; baseline -0.006 -14"><span class='ocrx_word' id='word_1_43' title='bbox 134 1773 218 1840; x_wconf 87' lang='lat' dir='ltr'><strong>ad</strong></span> <span class='ocrx_word' id='word_1_44' title='bbox 266 1772 616 1838; x_wconf 87' lang='lat' dir='ltr'><strong>videndam</strong></span> <span class='ocrx_word' id='word_1_45' title='bbox 660 1772 925 1854; x_wconf 83' lang='lat' dir='ltr'><strong>faciem,</strong></span> 
     </span>
     <span class='ocr_line' id='line_1_14' title="bbox 222 1873 1035 1959; baseline -0.002 -19"><span class='ocrx_word' id='word_1_46' title='bbox 222 1896 375 1959; x_wconf 85' lang='lat' dir='ltr'><strong>quae</strong></span> <span class='ocrx_word' id='word_1_47' title='bbox 419 1883 523 1940; x_wconf 87' lang='lat' dir='ltr'><strong>est</strong></span> <span class='ocrx_word' id='word_1_48' title='bbox 569 1873 810 1940; x_wconf 81' lang='lat' dir='ltr'><strong>Christi</strong></span> <span class='ocrx_word' id='word_1_49' title='bbox 853 1893 1035 1958; x_wconf 91' lang='lat' dir='ltr'><strong>pura.</strong></span> 
     </span>
    </p>
   </div>
   <div class='ocr_carea' id='block_1_3' title="bbox 126 2039 1039 2838">
    <p class='ocr_par' dir='ltr' id='par_1_3' title="bbox 129 2039 816 2229">
     <span class='ocr_line' id='line_1_15' title="bbox 129 2039 816 2124; baseline -0.012 -12"><span class='ocrx_word' id='word_1_50' title='bbox 129 2039 337 2112; x_wconf 81' lang='lat' dir='ltr'><strong>Salve</strong></span> <span class='ocrx_word' id='word_1_51' title='bbox 385 2058 427 2105; x_wconf 87' lang='lat' dir='ltr'><strong>o</strong></span> <span class='ocrx_word' id='word_1_52' title='bbox 472 2039 816 2124; x_wconf 86' lang='lat' dir='ltr'><strong>sudarium,</strong></span> 
     </span>
     <span class='ocr_line' id='line_1_16' title="bbox 213 2143 731 2229; baseline -0.008 -17"><span class='ocrx_word' id='word_1_53' title='bbox 213 2146 439 2212; x_wconf 81' lang='lat' dir='ltr'>nobile</span> <span class='ocrx_word' id='word_1_54' title='bbox 476 2143 731 2229; x_wconf 83' lang='lat' dir='ltr'><strong>jocale,</strong></span> 
     </span>
    </p>

    <p class='ocr_par' dir='ltr' id='par_1_4' title="bbox 133 2247 890 2419">
     <span class='ocr_line' id='line_1_17' title="bbox 133 2247 890 2316; baseline -0.004 0"><span class='ocrx_word' id='word_1_55' title='bbox 133 2269 208 2316; x_wconf 85' lang='lat' dir='ltr'><strong>es</strong></span> <span class='ocrx_word' id='word_1_56' title='bbox 251 2258 550 2315; x_wconf 89' lang='lat' dir='ltr'><strong>nostrum</strong></span> <span class='ocrx_word' id='word_1_57' title='bbox 594 2247 890 2313; x_wconf 85' lang='lat' dir='ltr'><strong>solatium</strong></span> 
     </span>
     <span class='ocr_line' id='line_1_18' title="bbox 215 2353 705 2419; baseline -0.002 -1"><span class='ocrx_word' id='word_1_58' title='bbox 215 2363 288 2419; x_wconf 89' lang='lat' dir='ltr'><strong>et</strong></span> <span class='ocrx_word' id='word_1_59' title='bbox 330 2353 705 2419; x_wconf 79' lang='lat' dir='ltr'>memoriale</span> 
     </span>
    </p>

    <p class='ocr_par' dir='ltr' id='par_1_5' title="bbox 131 2456 966 2646">
     <span class='ocr_line' id='line_1_19' title="bbox 131 2456 966 2545; baseline -0.005 -20"><span class='ocrx_word' id='word_1_60' title='bbox 131 2457 309 2545; x_wconf 85' lang='lat' dir='ltr'><strong>ejus,</strong></span> <span class='ocrx_word' id='word_1_61' title='bbox 357 2458 468 2540; x_wconf 89' lang='lat' dir='ltr'><strong>qui</strong></span> <span class='ocrx_word' id='word_1_62' title='bbox 513 2456 966 2541; x_wconf 78' lang='lat' dir='ltr'><strong>corpusculum</strong></span> 
     </span>
     <span class='ocr_line' id='line_1_20' title="bbox 217 2561 910 2646; baseline -0.003 -19"><span class='ocrx_word' id='word_1_63' title='bbox 217 2563 570 2646; x_wconf 75' lang='lat' dir='ltr'><strong>assumpsit</strong></span> <span class='ocrx_word' id='word_1_64' title='bbox 605 2561 876 2627; x_wconf 79' lang='lat' dir='ltr'><strong>mortale</strong></span> <span class='ocrx_word' id='word_1_65' title='bbox 893 2609 910 2644; x_wconf 90' lang='lat'>‚</span> 
     </span>
    </p>

    <p class='ocr_par' dir='ltr' id='par_1_6' title="bbox 126 2665 1039 2838">
     <span class='ocr_line' id='line_1_21' title="bbox 126 2665 1039 2750; baseline -0.002 -18"><span class='ocrx_word' id='word_1_66' title='bbox 126 2675 422 2732; x_wconf 85' lang='lat' dir='ltr'><strong>nostrum</strong></span> <span class='ocrx_word' id='word_1_67' title='bbox 467 2687 694 2731; x_wconf 85' lang='lat' dir='ltr'><strong>verum</strong></span> <span class='ocrx_word' id='word_1_68' title='bbox 730 2665 1039 2750; x_wconf 82' lang='lat' dir='ltr'><strong>gaudium</strong></span> 
     </span>
     <span class='ocr_line' id='line_1_22' title="bbox 218 2770 830 2838; baseline -0.008 0"><span class='ocrx_word' id='word_1_69' title='bbox 218 2782 288 2838; x_wconf 89' lang='lat' dir='ltr'><strong>et</strong></span> <span class='ocrx_word' id='word_1_70' title='bbox 333 2775 571 2837; x_wconf 87' lang='lat' dir='ltr'><strong>bonum</strong></span> <span class='ocrx_word' id='word_1_71' title='bbox 617 2770 830 2835; x_wconf 88' lang='lat' dir='ltr'><strong>finale.</strong></span> 
     </span>
    </p>
   </div>
   <div class='ocr_carea' id='block_1_4' title="bbox 122 2936 994 3730">
    <p class='ocr_par' dir='ltr' id='par_1_7' title="bbox 128 2936 870 3125">
     <span class='ocr_line' id='line_1_23' title="bbox 128 2936 870 3023; baseline -0.005 -17"><span class='ocrx_word' id='word_1_72' title='bbox 128 2936 333 3006; x_wconf 85' lang='lat' dir='ltr'><strong>Salve</strong></span> <span class='ocrx_word' id='word_1_73' title='bbox 371 2937 572 3023; x_wconf 88' lang='lat' dir='ltr'><strong>jubar</strong></span> <span class='ocrx_word' id='word_1_74' title='bbox 617 2936 870 3020; x_wconf 79' lang='lat' dir='ltr'><strong>saeculi,</strong></span> 
     </span>
     <span class='ocr_line' id='line_1_24' title="bbox 214 3042 797 3125; baseline -0.003 -18"><span class='ocrx_word' id='word_1_75' title='bbox 214 3042 413 3107; x_wconf 83' lang='lat' dir='ltr'><strong>stella</strong></span> <span class='ocrx_word' id='word_1_76' title='bbox 457 3042 797 3125; x_wconf 86' lang='lat' dir='ltr'><strong>matutina,</strong></span> 
     </span>
    </p>

    <p class='ocr_par' dir='ltr' id='par_1_8' title="bbox 126 3144 884 3335">
     <span class='ocr_line' id='line_1_25' title="bbox 126 3144 870 3232; baseline -0.005 -18"><span class='ocrx_word' id='word_1_77' title='bbox 126 3149 194 3214; x_wconf 86' lang='lat' dir='ltr'><strong>in</strong></span> <span class='ocrx_word' id='word_1_78' title='bbox 239 3154 601 3232; x_wconf 82' lang='lat' dir='ltr'><strong>conspectu</strong></span> <span class='ocrx_word' id='word_1_79' title='bbox 644 3144 870 3231; x_wconf 85' lang='lat' dir='ltr'><strong>populi</strong></span> 
     </span>
     <span class='ocr_line' id='line_1_26' title="bbox 213 3249 884 3335; baseline -0.003 -18"><span class='ocrx_word' id='word_1_80' title='bbox 213 3251 433 3335; x_wconf 81' lang='lat' dir='ltr'><strong>fulget</strong></span> <span class='ocrx_word' id='word_1_81' title='bbox 474 3251 588 3315; x_wconf 82' lang='lat' dir='ltr'><strong>lux</strong></span> <span class='ocrx_word' id='word_1_82' title='bbox 632 3249 884 3331; x_wconf 82' lang='lat' dir='ltr'><strong>divina,</strong></span> 
     </span>
    </p>

    <p class='ocr_par' dir='ltr' id='par_1_9' title="bbox 126 3352 994 3522">
     <span class='ocr_line' id='line_1_27' title="bbox 126 3352 994 3441; baseline -0.002 -19"><span class='ocrx_word' id='word_1_83' title='bbox 126 3375 277 3441; x_wconf 81' lang='lat' dir='ltr'><strong>quae</strong></span> <span class='ocrx_word' id='word_1_84' title='bbox 322 3363 428 3419; x_wconf 86' lang='lat' dir='ltr'><strong>est</strong></span> <span class='ocrx_word' id='word_1_85' title='bbox 472 3373 630 3420; x_wconf 88' lang='lat' dir='ltr'><strong>cura</strong></span> <span class='ocrx_word' id='word_1_86' title='bbox 673 3352 994 3437; x_wconf 73' lang='lat' dir='ltr'><strong>languidi,</strong></span> 
     </span>
     <span class='ocr_line' id='line_1_28' title="bbox 208 3457 752 3522; baseline -0.004 0"><span class='ocrx_word' id='word_1_87' title='bbox 208 3458 373 3522; x_wconf 79' lang='lat' dir='ltr'><strong>vitae</strong></span> <span class='ocrx_word' id='word_1_88' title='bbox 418 3457 752 3522; x_wconf 87' lang='lat' dir='ltr'><strong>medicina.</strong></span> 
     </span>
    </p>

    <p class='ocr_par' dir='ltr' id='par_1_10' title="bbox 122 3560 860 3730">
     <span class='ocr_line' id='line_1_29' title="bbox 122 3560 860 3630; baseline -0.003 0"><span class='ocrx_word' id='word_1_89' title='bbox 122 3580 246 3630; x_wconf 85' lang='lat' dir='ltr'><strong>nos</strong></span> <span class='ocrx_word' id='word_1_90' title='bbox 291 3562 362 3627; x_wconf 86' lang='lat' dir='ltr'><strong>in</strong></span> <span class='ocrx_word' id='word_1_91' title='bbox 396 3560 634 3626; x_wconf 86' lang='lat' dir='ltr'><strong>mundo</strong></span> <span class='ocrx_word' id='word_1_92' title='bbox 678 3561 860 3628; x_wconf 89' lang='lat' dir='ltr'><strong>labili</strong></span> 
     </span>
     <span class='ocr_line' id='line_1_30' title="bbox 208 3661 778 3730; baseline -0.004 0"><span class='ocrx_word' id='word_1_93' title='bbox 208 3681 447 3730; x_wconf 85' lang='lat' dir='ltr'><strong>serves</strong></span> <span class='ocrx_word' id='word_1_94' title='bbox 492 3682 533 3727; x_wconf 91' lang='lat' dir='ltr'><strong>a</strong></span> <span class='ocrx_word' id='word_1_95' title='bbox 575 3661 778 3728; x_wconf 71' lang='lat' dir='ltr'><strong>ruina,</strong></span> 
     </span>
    </p>
   </div>
   <div class='ocr_carea' id='block_1_5' title="bbox 114 3827 941 4329">
    <p class='ocr_par' dir='ltr' id='par_1_11' title="bbox 121 3827 941 4017">
     <span class='ocr_line' id='line_1_31' title="bbox 121 3827 941 3913; baseline -0.005 -15"><span class='ocrx_word' id='word_1_96' title='bbox 121 3828 331 3898; x_wconf 82' lang='lat' dir='ltr'><strong>Salve</strong></span> <span class='ocrx_word' id='word_1_97' title='bbox 377 3848 634 3913; x_wconf 79' lang='lat' dir='ltr'><strong>gemma</strong></span> <span class='ocrx_word' id='word_1_98' title='bbox 676 3827 941 3911; x_wconf 87' lang='lat' dir='ltr'><strong>nobilis,</strong></span> 
     </span>
     <span class='ocr_line' id='line_1_32' title="bbox 210 3934 810 4017; baseline 0 -19"><span class='ocrx_word' id='word_1_99' title='bbox 210 3955 383 3999; x_wconf 85' lang='lat' dir='ltr'><strong>vera</strong></span> <span class='ocrx_word' id='word_1_100' title='bbox 423 3934 778 4017; x_wconf 73' lang='lat' dir='ltr'><strong>margarita</strong></span> <span class='ocrx_word' id='word_1_101' title='bbox 791 3980 810 4017; x_wconf 91' lang='lat'><strong>,</strong></span> 
     </span>
    </p>

    <p class='ocr_par' dir='ltr' id='par_1_12' title="bbox 120 4038 813 4226">
     <span class='ocr_line' id='line_1_33' title="bbox 120 4038 761 4107; baseline -0.006 0"><span class='ocrx_word' id='word_1_102' title='bbox 120 4038 374 4107; x_wconf 80' lang='lat' dir='ltr'><strong>coelicis</strong></span> <span class='ocrx_word' id='word_1_103' title='bbox 417 4038 761 4103; x_wconf 84' lang='lat' dir='ltr'><strong>virtutibus</strong></span> 
     </span>
     <span class='ocr_line' id='line_1_34' title="bbox 203 4140 813 4226; baseline 0 -22"><span class='ocrx_word' id='word_1_104' title='bbox 203 4140 508 4226; x_wconf 82' lang='lat' dir='ltr'><strong>perfecte</strong></span> <span class='ocrx_word' id='word_1_105' title='bbox 552 4142 813 4222; x_wconf 87' lang='lat' dir='ltr'><strong>munita,</strong></span> 
     </span>
    </p>

    <p class='ocr_par' dir='ltr' id='par_1_13' title="bbox 114 4243 896 4329">
     <span class='ocr_line' id='line_1_35' title="bbox 114 4243 896 4329; baseline -0.001 -18"><span class='ocrx_word' id='word_1_106' title='bbox 114 4261 253 4311; x_wconf 81' lang='lat' dir='ltr'><strong>non</strong></span> <span class='ocrx_word' id='word_1_107' title='bbox 300 4243 562 4329; x_wconf 84' lang='lat' dir='ltr'><strong>depicta</strong></span> <span class='ocrx_word' id='word_1_108' title='bbox 604 4245 896 4311; x_wconf 84' lang='lat' dir='ltr'><strong>manibus</strong></span> 
     </span>
    </p>
   </div>
   <div class='ocr_carea' id='block_1_6' title="bbox 1249 731 1399 846">
    <p class='ocr_par' dir='ltr' id='par_1_14' title="bbox 1249 731 1399 846">
     <span class='ocr_line' id='line_1_36' title="bbox 1249 731 1399 846; baseline 0 0"><span class='ocrx_word' id='word_1_109' title='bbox 1249 731 1399 846; x_wconf 75' lang='lat'><strong>&#39;30</strong></span> 
     </span>
    </p>
   </div>
   <div class='ocr_carea' id='block_1_7' title="bbox 1310 1359 1393 1423">
    <p class='ocr_par' dir='ltr' id='par_1_15' title="bbox 1310 1359 1393 1423">
     <span class='ocr_line' id='line_1_37' title="bbox 1310 1359 1393 1423; baseline -0.024 0"><span class='ocrx_word' id='word_1_110' title='bbox 1310 1359 1393 1423; x_wconf 83' lang='lat'><strong>35</strong></span> 
     </span>
    </p>
   </div>
   <div class='ocr_carea' id='block_1_8' title="bbox 1306 1874 1391 1938">
    <p class='ocr_par' dir='ltr' id='par_1_16' title="bbox 1306 1874 1391 1938">
     <span class='ocr_line' id='line_1_38' title="bbox 1306 1874 1391 1938; baseline -0.012 0"><span class='ocrx_word' id='word_1_111' title='bbox 1306 1874 1391 1938; x_wconf 81' lang='lat'><strong>40</strong></span> 
     </span>
    </p>
   </div>
   <div class='ocr_carea' id='block_1_9' title="bbox 1303 2456 1386 2520">
    <p class='ocr_par' dir='ltr' id='par_1_17' title="bbox 1303 2456 1386 2520">
     <span class='ocr_line' id='line_1_39' title="bbox 1303 2456 1386 2520; baseline 0.012 -1"><span class='ocrx_word' id='word_1_112' title='bbox 1303 2456 1386 2520; x_wconf 83' lang='lat'><strong>45</strong></span> 
     </span>
    </p>
   </div>
   <div class='ocr_carea' id='block_1_10' title="bbox 1298 3041 1382 3103">
    <p class='ocr_par' dir='ltr' id='par_1_18' title="bbox 1298 3041 1382 3103">
     <span class='ocr_line' id='line_1_40' title="bbox 1298 3041 1382 3103; baseline 0.012 -1"><span class='ocrx_word' id='word_1_113' title='bbox 1298 3041 1382 3103; x_wconf 86' lang='lat'><strong>50</strong></span> 
     </span>
    </p>
   </div>
   <div class='ocr_carea' id='block_1_11' title="bbox 1295 3562 1379 3625">
    <p class='ocr_par' dir='ltr' id='par_1_19' title="bbox 1295 3562 1379 3625">
     <span class='ocr_line' id='line_1_41' title="bbox 1295 3562 1379 3625; baseline 0 0"><span class='ocrx_word' id='word_1_114' title='bbox 1295 3562 1379 3625; x_wconf 86' lang='lat'><strong>55</strong></span> 
     </span>
    </p>
   </div>
   <div class='ocr_carea' id='block_1_12' title="bbox 1292 4141 1376 4204">
    <p class='ocr_par' dir='ltr' id='par_1_20' title="bbox 1292 4141 1376 4204">
     <span class='ocr_line' id='line_1_42' title="bbox 1292 4141 1376 4204; baseline 0 0"><span class='ocrx_word' id='word_1_115' title='bbox 1292 4141 1376 4204; x_wconf 84' lang='lat'><strong>60</strong></span> 
     </span>
    </p>
   </div>
   <div class='ocr_carea' id='block_1_13' title="bbox 1590 474 2285 561">
    <p class='ocr_par' dir='ltr' id='par_1_21' title="bbox 1590 474 2285 561">
     <span class='ocr_line' id='line_1_43' title="bbox 1590 474 2285 561; baseline -0.001 -22"><span class='ocrx_word' id='word_1_116' title='bbox 1590 474 1847 559; x_wconf 74' lang='lat' dir='ltr'><strong>sculpta</strong></span> <span class='ocrx_word' id='word_1_117' title='bbox 1895 475 2005 541; x_wconf 78' lang='lat' dir='ltr'><strong>vel</strong></span> <span class='ocrx_word' id='word_1_118' title='bbox 2051 476 2285 561; x_wconf 60' lang='lat' dir='ltr'><strong>poma,</strong></span> 
     </span>
    </p>
   </div>
   <div class='ocr_carea' id='block_1_14' title="bbox 1435 574 2425 664">
    <p class='ocr_par' dir='ltr' id='par_1_22' title="bbox 1435 574 2425 664">
     <span class='ocr_line' id='line_1_44' title="bbox 1435 574 2425 664; baseline 0.007 -25"><span class='ocrx_word' id='word_1_119' title='bbox 1435 613 1444 622; x_wconf 91' lang='lat'><strong>·</strong></span> <span class='ocrx_word' id='word_1_120' title='bbox 1501 574 1653 641; x_wconf 75' lang='lat' dir='ltr'><strong>hoe·</strong></span> <span class='ocrx_word' id='word_1_121' title='bbox 1678 576 1801 641; x_wconf 78' lang='lat' dir='ltr'><strong>scit</strong></span> <span class='ocrx_word' id='word_1_122' title='bbox 1843 593 2125 642; x_wconf 77' lang='lat' dir='ltr'><strong>summus</strong></span> <span class='ocrx_word' id='word_1_123' title='bbox 2169 579 2425 664; x_wconf 73' lang='lat' dir='ltr'><strong>artifeX,</strong></span> 
     </span>
    </p>
   </div>
   <div class='ocr_carea' id='block_1_15' title="bbox 1594 680 2164 762">
    <p class='ocr_par' dir='ltr' id='par_1_23' title="bbox 1594 680 2164 762">
     <span class='ocr_line' id='line_1_45' title="bbox 1594 680 2164 762; baseline 0.009 -20"><span class='ocrx_word' id='word_1_124' title='bbox 1594 680 1702 762; x_wconf 87' lang='lat' dir='ltr'><strong>qui</strong></span> <span class='ocrx_word' id='word_1_125' title='bbox 1746 688 1812 743; x_wconf 89' lang='lat' dir='ltr'><strong>te</strong></span> <span class='ocrx_word' id='word_1_126' title='bbox 1857 680 2014 746; x_wconf 83' lang='lat' dir='ltr'><strong>fecit</strong></span> <span class='ocrx_word' id='word_1_127' title='bbox 2054 684 2164 748; x_wconf 87' lang='lat' dir='ltr'><strong>ita.</strong></span> 
     </span>
    </p>
   </div>
   <div class='ocr_carea' id='block_1_16' title="bbox 1500 841 2391 1242">
    <p class='ocr_par' dir='ltr' id='par_1_24' title="bbox 1500 841 2391 1242">
     <span class='ocr_line' id='line_1_46' title="bbox 1500 841 2192 929; baseline 0.001 -19"><span class='ocrx_word' id='word_1_128' title='bbox 1500 841 1625 910; x_wconf 90' lang='lat' dir='ltr'><strong>Ille</strong></span> <span class='ocrx_word' id='word_1_129' title='bbox 1669 842 1852 909; x_wconf 86' lang='lat' dir='ltr'><strong>color</strong></span> <span class='ocrx_word' id='word_1_130' title='bbox 1898 845 2162 911; x_wconf 85' lang='lat' dir='ltr'><strong>coelicus</strong></span> <span class='ocrx_word' id='word_1_131' title='bbox 2175 894 2192 929; x_wconf 90' lang='lat'>‚</span> 
     </span>
     <span class='ocr_line' id='line_1_47' title="bbox 1591 950 2391 1038; baseline 0.006 -25"><span class='ocrx_word' id='word_1_132' title='bbox 1591 950 1701 1033; x_wconf 84' lang='lat' dir='ltr'><strong>qui</strong></span> <span class='ocrx_word' id='word_1_133' title='bbox 1741 950 1809 1014; x_wconf 89' lang='lat' dir='ltr'><strong>in</strong></span> <span class='ocrx_word' id='word_1_134' title='bbox 1852 958 1919 1016; x_wconf 83' lang='lat' dir='ltr'><strong>te</strong></span> <span class='ocrx_word' id='word_1_135' title='bbox 1965 952 2391 1038; x_wconf 75' lang='lat' dir='ltr'><strong>splendescit,</strong></span> 
     </span>
     <span class='ocr_line' id='line_1_48' title="bbox 1502 1053 2235 1137; baseline 0.003 -19"><span class='ocrx_word' id='word_1_136' title='bbox 1502 1053 1568 1118; x_wconf 86' lang='lat' dir='ltr'><strong>in</strong></span> <span class='ocrx_word' id='word_1_137' title='bbox 1614 1053 1847 1118; x_wconf 91' lang='lat' dir='ltr'><strong>eodem</strong></span> <span class='ocrx_word' id='word_1_138' title='bbox 1888 1063 2235 1137; x_wconf 83' lang='lat' dir='ltr'><strong>permanet</strong></span> 
     </span>
     <span class='ocr_line' id='line_1_49' title="bbox 1590 1156 2362 1242; baseline 0.009 -25"><span class='ocrx_word' id='word_1_139' title='bbox 1590 1162 1793 1240; x_wconf 89' lang='lat' dir='ltr'><strong>statu,</strong></span> <span class='ocrx_word' id='word_1_140' title='bbox 1838 1175 1961 1221; x_wconf 87' lang='lat' dir='ltr'><strong>uec</strong></span> <span class='ocrx_word' id='word_1_141' title='bbox 2007 1156 2362 1242; x_wconf 79' lang='lat' dir='ltr'><strong>decrescit,</strong></span> 
     </span>
    </p>
   </div>
   <div class='ocr_carea' id='block_1_17' title="bbox 1471 1258 2145 1344">
    <p class='ocr_par' dir='ltr' id='par_1_25' title="bbox 1471 1258 2145 1344">
     <span class='ocr_line' id='line_1_50' title="bbox 1471 1258 2145 1344; baseline 0.003 -21"><span class='ocrx_word' id='word_1_142' title='bbox 1471 1259 1474 1266; x_wconf 74' lang='grc'>’</span> <span class='ocrx_word' id='word_1_143' title='bbox 1502 1258 1801 1324; x_wconf 88' lang='lat' dir='ltr'><strong>diuturno</strong></span> <span class='ocrx_word' id='word_1_144' title='bbox 1850 1267 2145 1344; x_wconf 88' lang='lat' dir='ltr'><strong>tempore</strong></span> 
     </span>
    </p>
   </div>
   <div class='ocr_carea' id='block_1_18' title="bbox 1498 1362 2237 1654">
    <p class='ocr_par' dir='ltr' id='par_1_26' title="bbox 1498 1362 2237 1654">
     <span class='ocr_line' id='line_1_51' title="bbox 1585 1362 2201 1447; baseline 0.006 -22"><span class='ocrx_word' id='word_1_145' title='bbox 1585 1362 1840 1427; x_wconf 89' lang='lat' dir='ltr'><strong>minime</strong></span> <span class='ocrx_word' id='word_1_146' title='bbox 1883 1364 2201 1447; x_wconf 87' lang='lat' dir='ltr'><strong>pallescit.</strong></span> 
     </span>
     <span class='ocr_line' id='line_1_52' title="bbox 1498 1464 2236 1549; baseline 0.005 -21"><span class='ocrx_word' id='word_1_147' title='bbox 1498 1464 1655 1530; x_wconf 86' lang='lat' dir='ltr'><strong>fecit</strong></span> <span class='ocrx_word' id='word_1_148' title='bbox 1698 1474 1764 1531; x_wconf 90' lang='lat' dir='ltr'><strong>te</strong></span> <span class='ocrx_word' id='word_1_149' title='bbox 1808 1486 1930 1530; x_wconf 83' lang='lat' dir='ltr'><strong>rex</strong></span> <span class='ocrx_word' id='word_1_150' title='bbox 1975 1468 2236 1549; x_wconf 79' lang='lat' dir='ltr'><strong>gloriae,</strong></span> 
     </span>
     <span class='ocr_line' id='line_1_53' title="bbox 1585 1569 2237 1654; baseline 0.003 -20"><span class='ocrx_word' id='word_1_151' title='bbox 1585 1569 1813 1635; x_wconf 85' lang='lat' dir='ltr'><strong>fallere</strong></span> <span class='ocrx_word' id='word_1_152' title='bbox 1860 1571 1966 1654; x_wconf 88' lang='lat' dir='ltr'><strong>qui</strong></span> <span class='ocrx_word' id='word_1_153' title='bbox 2014 1573 2237 1644; x_wconf 75' lang='lat' dir='ltr'><strong>nescit,</strong></span> 
     </span>
    </p>
   </div>
   <div class='ocr_carea' id='block_1_19' title="bbox 1493 1732 2362 2524">
    <p class='ocr_par' dir='ltr' id='par_1_27' title="bbox 1493 1732 2362 2524">
     <span class='ocr_line' id='line_1_54' title="bbox 1497 1732 2251 1819; baseline 0 -19"><span class='ocrx_word' id='word_1_154' title='bbox 1497 1732 1811 1800; x_wconf 88' lang='lat' dir='ltr'><strong>Nescieus</strong></span> <span class='ocrx_word' id='word_1_155' title='bbox 1860 1734 2251 1819; x_wconf 85' lang='lat' dir='ltr'><strong>putredinis,</strong></span> 
     </span>
     <span class='ocr_line' id='line_1_55' title="bbox 1586 1840 2362 1926; baseline 0.008 -25"><span class='ocrx_word' id='word_1_156' title='bbox 1586 1857 1857 1902; x_wconf 83' lang='lat' dir='ltr'><strong>servans</strong></span> <span class='ocrx_word' id='word_1_157' title='bbox 1893 1840 2362 1926; x_wconf 85' lang='lat' dir='ltr'><strong>incorruptum,</strong></span> 
     </span>
     <span class='ocr_line' id='line_1_56' title="bbox 1499 1939 2325 2023; baseline 0.001 -19"><span class='ocrx_word' id='word_1_158' title='bbox 1499 1939 1674 2023; x_wconf 90' lang='lat' dir='ltr'><strong>quod</strong></span> <span class='ocrx_word' id='word_1_159' title='bbox 1718 1948 1819 2005; x_wconf 89' lang='lat' dir='ltr'><strong>est</strong></span> <span class='ocrx_word' id='word_1_160' title='bbox 1862 1961 1903 2006; x_wconf 87' lang='lat' dir='ltr'><strong>a</strong></span> <span class='ocrx_word' id='word_1_161' title='bbox 1940 1941 2325 2007; x_wconf 84' lang='lat' dir='ltr'><strong>christicolis</strong></span> 
     </span>
     <span class='ocr_line' id='line_1_57' title="bbox 1585 2044 2311 2111; baseline 0.001 -2"><span class='ocrx_word' id='word_1_162' title='bbox 1585 2061 1804 2109; x_wconf 90' lang='lat' dir='ltr'><strong>coram</strong></span> <span class='ocrx_word' id='word_1_163' title='bbox 1850 2053 1913 2109; x_wconf 88' lang='lat' dir='ltr'><strong>te</strong></span> <span class='ocrx_word' id='word_1_164' title='bbox 1952 2044 2311 2111; x_wconf 83' lang='lat' dir='ltr'><strong>deductum.</strong></span> 
     </span>
     <span class='ocr_line' id='line_1_58' title="bbox 1493 2148 2279 2233; baseline 0.003 -21"><span class='ocrx_word' id='word_1_165' title='bbox 1493 2154 1565 2212; x_wconf 89' lang='lat' dir='ltr'><strong>tu</strong></span> <span class='ocrx_word' id='word_1_166' title='bbox 1611 2148 1813 2212; x_wconf 85' lang='lat' dir='ltr'><strong>vertis</strong></span> <span class='ocrx_word' id='word_1_167' title='bbox 1860 2149 1927 2213; x_wconf 88' lang='lat' dir='ltr'><strong>iu</strong></span> <span class='ocrx_word' id='word_1_168' title='bbox 1971 2148 2279 2233; x_wconf 79' lang='lat' dir='ltr'><strong>gaudium</strong></span> 
     </span>
     <span class='ocr_line' id='line_1_59' title="bbox 1578 2250 2318 2333; baseline 0 -17"><span class='ocrx_word' id='word_1_169' title='bbox 1578 2250 1884 2332; x_wconf 78' lang='lat' dir='ltr'><strong>gemitum</strong></span> <span class='ocrx_word' id='word_1_170' title='bbox 1931 2259 1998 2314; x_wconf 85' lang='lat' dir='ltr'><strong>et</strong></span> <span class='ocrx_word' id='word_1_171' title='bbox 2041 2251 2281 2316; x_wconf 82' lang='lat' dir='ltr'><strong>luctum</strong></span> <span class='ocrx_word' id='word_1_172' title='bbox 2299 2298 2318 2333; x_wconf 94' lang='lat'><strong>,</strong></span> 
     </span>
     <span class='ocr_line' id='line_1_60' title="bbox 1493 2352 2252 2419; baseline -0.001 -1"><span class='ocrx_word' id='word_1_173' title='bbox 1493 2353 1720 2418; x_wconf 84' lang='lat' dir='ltr'><strong>confer</strong></span> <span class='ocrx_word' id='word_1_174' title='bbox 1764 2352 2252 2419; x_wconf 87' lang='lat' dir='ltr'><strong>saluberrimum</strong></span> 
     </span>
     <span class='ocr_line' id='line_1_61' title="bbox 1579 2453 2289 2524; baseline 0.001 -6"><span class='ocrx_word' id='word_1_175' title='bbox 1579 2461 1648 2518; x_wconf 88' lang='lat' dir='ltr'><strong>te</strong></span> <span class='ocrx_word' id='word_1_176' title='bbox 1689 2453 1955 2522; x_wconf 78' lang='lat' dir='ltr'><strong>videndi</strong></span> <span class='ocrx_word' id='word_1_177' title='bbox 1995 2454 2289 2524; x_wconf 78' lang='lat' dir='ltr'><strong>fructum.</strong></span> 
     </span>
    </p>
   </div>
   <div class='ocr_carea' id='block_1_20' title="bbox 1487 2617 2361 3437">
    <p class='ocr_par' dir='ltr' id='par_1_28' title="bbox 1487 2617 2361 3437">
     <span class='ocr_line' id='line_1_62' title="bbox 1490 2617 2244 2704; baseline 0.003 -19"><span class='ocrx_word' id='word_1_178' title='bbox 1490 2617 1695 2685; x_wconf 86' lang='lat' dir='ltr'><strong>Salv&#39;e</strong></span> <span class='ocrx_word' id='word_1_179' title='bbox 1742 2621 1942 2687; x_wconf 87' lang='lat' dir='ltr'><strong>decus</strong></span> <span class='ocrx_word' id='word_1_180' title='bbox 1991 2622 2244 2704; x_wconf 85' lang='lat' dir='ltr'><strong>saeculi,</strong></span> 
     </span>
     <span class='ocr_line' id='line_1_63' title="bbox 1578 2726 2361 2811; baseline 0.006 -22"><span class='ocrx_word' id='word_1_181' title='bbox 1578 2726 1911 2811; x_wconf 89' lang='lat' dir='ltr'><strong>speculum</strong></span> <span class='ocrx_word' id='word_1_182' title='bbox 1957 2736 2325 2793; x_wconf 80' lang='lat' dir='ltr'><strong>sauctorum</strong></span> <span class='ocrx_word' id='word_1_183' title='bbox 2341 2775 2361 2811; x_wconf 94' lang='lat'><strong>,</strong></span> 
     </span>
     <span class='ocr_line' id='line_1_64' title="bbox 1489 2831 2241 2919; baseline 0.004 -22"><span class='ocrx_word' id='word_1_184' title='bbox 1489 2831 1666 2918; x_wconf 89' lang='lat' dir='ltr'><strong>quod</strong></span> <span class='ocrx_word' id='word_1_185' title='bbox 1709 2833 1936 2898; x_wconf 82' lang='lat' dir='ltr'><strong>videre</strong></span> <span class='ocrx_word' id='word_1_186' title='bbox 1974 2836 2241 2919; x_wconf 84' lang='lat' dir='ltr'><strong>cupiunt</strong></span> 
     </span>
     <span class='ocr_line' id='line_1_65' title="bbox 1575 2938 2213 3021; baseline 0.005 -20"><span class='ocrx_word' id='word_1_187' title='bbox 1575 2938 1841 3021; x_wconf 76' lang='lat' dir='ltr'><strong>spiritus</strong></span> <span class='ocrx_word' id='word_1_188' title='bbox 1887 2939 2213 3004; x_wconf 80' lang='lat' dir='ltr'><strong>caelorum.</strong></span> 
     </span>
     <span class='ocr_line' id='line_1_66' title="bbox 1487 3040 2232 3106; baseline 0.003 -2"><span class='ocrx_word' id='word_1_189' title='bbox 1487 3058 1611 3105; x_wconf 87' lang='lat' dir='ltr'><strong>nos</strong></span> <span class='ocrx_word' id='word_1_190' title='bbox 1656 3043 1742 3106; x_wconf 87' lang='lat' dir='ltr'><strong>ab</strong></span> <span class='ocrx_word' id='word_1_191' title='bbox 1775 3043 1945 3106; x_wconf 88' lang='lat' dir='ltr'><strong>omni</strong></span> <span class='ocrx_word' id='word_1_192' title='bbox 1979 3040 2232 3106; x_wconf 67' lang='lat' dir='ltr'><strong>macula</strong></span> 
     </span>
     <span class='ocr_line' id='line_1_67' title="bbox 1573 3145 2133 3230; baseline -0.002 -20"><span class='ocrx_word' id='word_1_193' title='bbox 1573 3164 1786 3230; x_wconf 76' lang='lat' dir='ltr'><strong>purga</strong></span> <span class='ocrx_word' id='word_1_194' title='bbox 1830 3145 2133 3209; x_wconf 83' lang='lat' dir='ltr'><strong>vitiorum</strong></span> 
     </span>
     <span class='ocr_line' id='line_1_68' title="bbox 1490 3247 2220 3332; baseline -0.003 -16"><span class='ocrx_word' id='word_1_195' title='bbox 1490 3257 1683 3332; x_wconf 84' lang='lat' dir='ltr'><strong>atque</strong></span> <span class='ocrx_word' id='word_1_196' title='bbox 1725 3266 1847 3314; x_wconf 85' lang='lat' dir='ltr'><strong>nos</strong></span> <span class='ocrx_word' id='word_1_197' title='bbox 1894 3247 2220 3315; x_wconf 88' lang='lat' dir='ltr'><strong>consortio</strong></span> 
     </span>
     <span class='ocr_line' id='line_1_69' title="bbox 1566 3351 2177 3437; baseline -0.003 -21"><span class='ocrx_word' id='word_1_198' title='bbox 1566 3351 1777 3437; x_wconf 73' lang='lat' dir='ltr'><strong>junge</strong></span> <span class='ocrx_word' id='word_1_199' title='bbox 1821 3354 2177 3417; x_wconf 88' lang='lat' dir='ltr'><strong>beatorum.</strong></span> 
     </span>
    </p>
   </div>
   <div class='ocr_carea' id='block_1_21' title="bbox 1484 3504 2293 4348">
    <p class='ocr_par' dir='ltr' id='par_1_29' title="bbox 1484 3504 2293 4348">
     <span class='ocr_line' id='line_1_70' title="bbox 1484 3504 2293 3597; baseline -0.002 -16"><span class='ocrx_word' id='word_1_200' title='bbox 1484 3511 1648 3581; x_wconf 85' lang='lat' dir='ltr'><strong>Esto</strong></span> <span class='ocrx_word' id='word_1_201' title='bbox 1692 3504 1881 3580; x_wconf 84' lang='lat' dir='ltr'><strong>uobis</strong></span> <span class='ocrx_word' id='word_1_202' title='bbox 1928 3531 2293 3597; x_wconf 78' lang='lat' dir='ltr'><strong>quaesumus</strong></span> 
     </span>
     <span class='ocr_line' id='line_1_71' title="bbox 1539 3619 2229 3704; baseline -0.001 -19"><span class='ocrx_word' id='word_1_203' title='bbox 1539 3627 1773 3685; x_wconf 75' lang='lat' dir='ltr'><strong>&#39;tutum</strong></span> <span class='ocrx_word' id='word_1_204' title='bbox 1821 3619 2229 3704; x_wconf 83' lang='lat' dir='ltr'><strong>adjuvamen,</strong></span> 
     </span>
     <span class='ocr_line' id='line_1_72' title="bbox 1485 3722 2116 3808; baseline -0.002 -20"><span class='ocrx_word' id='word_1_205' title='bbox 1485 3722 1675 3802; x_wconf 80' lang='lat' dir='ltr'><strong>dulce</strong></span> <span class='ocrx_word' id='word_1_206' title='bbox 1703 3724 2116 3808; x_wconf 80' lang='lat' dir='ltr'><strong>refrigerium</strong></span> 
     </span>
     <span class='ocr_line' id='line_1_73' title="bbox 1573 3826 2262 3910; baseline -0.006 -17"><span class='ocrx_word' id='word_1_207' title='bbox 1573 3835 1770 3910; x_wconf 87' lang='lat' dir='ltr'><strong>atque</strong></span> <span class='ocrx_word' id='word_1_208' title='bbox 1816 3826 2227 3892; x_wconf 84' lang='lat' dir='ltr'><strong>consolamen</strong></span> <span class='ocrx_word' id='word_1_209' title='bbox 2244 3872 2262 3907; x_wconf 90' lang='lat'>‚</span> 
     </span>
     <span class='ocr_line' id='line_1_74' title="bbox 1484 3931 2241 3997; baseline -0.007 0"><span class='ocrx_word' id='word_1_210' title='bbox 1484 3938 1557 3997; x_wconf 80' lang='lat' dir='ltr'><strong>ut</strong></span> <span class='ocrx_word' id='word_1_211' title='bbox 1599 3931 1788 3995; x_wconf 86' lang='lat' dir='ltr'><strong>nobis</strong></span> <span class='ocrx_word' id='word_1_212' title='bbox 1831 3947 1963 3995; x_wconf 82' lang='lat' dir='ltr'><strong>nou</strong></span> <span class='ocrx_word' id='word_1_213' title='bbox 2005 3935 2241 3994; x_wconf 86' lang='lat' dir='ltr'><strong>noceat</strong></span> 
     </span>
     <span class='ocr_line' id='line_1_75' title="bbox 1571 4039 2240 4123; baseline -0.003 -20"><span class='ocrx_word' id='word_1_214' title='bbox 1571 4039 1808 4104; x_wconf 88' lang='lat' dir='ltr'><strong>hostile</strong></span> <span class='ocrx_word' id='word_1_215' title='bbox 1854 4055 2208 4123; x_wconf 75' lang='lat' dir='ltr'><strong>gravamen</strong></span> <span class='ocrx_word' id='word_1_216' title='bbox 2220 4083 2240 4119; x_wconf 91' lang='lat'><strong>,</strong></span> 
     </span>
     <span class='ocr_line' id='line_1_76' title="bbox 1486 4141 2202 4224; baseline -0.006 -16"><span class='ocrx_word' id='word_1_217' title='bbox 1486 4142 1606 4208; x_wconf 85' lang='lat' dir='ltr'><strong>sed</strong></span> <span class='ocrx_word' id='word_1_218' title='bbox 1648 4143 1933 4208; x_wconf 86' lang='lat' dir='ltr'><strong>fruamur</strong></span> <span class='ocrx_word' id='word_1_219' title='bbox 1977 4141 2202 4224; x_wconf 88' lang='lat' dir='ltr'><strong>requie</strong></span> 
     </span>
     <span class='ocr_line' id='line_1_77' title="bbox 1572 4246 2244 4348; baseline -0.01 -35"><span class='ocrx_word' id='word_1_220' title='bbox 1572 4263 1718 4313; x_wconf 85' lang='lat' dir='ltr'><strong>cum</strong></span> <span class='ocrx_word' id='word_1_221' title='bbox 1760 4246 1986 4348; x_wconf 55' lang='lat' dir='ltr'><strong>lieatis.</strong></span> <span class='ocrx_word' id='word_1_222' title='bbox 2043 4262 2244 4310; x_wconf 85' lang='lat' dir='ltr'><strong>amen.</strong></span> 
     </span>
    </p>
   </div>
   <div class='ocr_carea' id='block_1_22' title="bbox 2632 293 2771 372">
    <p class='ocr_par' dir='ltr' id='par_1_30' title="bbox 2632 293 2771 372">
     <span class='ocr_line' id='line_1_78' title="bbox 2632 293 2771 372; baseline 0.022 -14"><span class='ocrx_word' id='word_1_223' title='bbox 2632 293 2771 372; x_wconf 66' lang='lat'><strong>16¹1</strong></span> 
     </span>
    </p>
   </div>
   <div class='ocr_carea' id='block_1_23' title="bbox 2673 854 2759 917">
    <p class='ocr_par' dir='ltr' id='par_1_31' title="bbox 2673 854 2759 917">
     <span class='ocr_line' id='line_1_79' title="bbox 2673 854 2759 917; baseline 0.012 -1"><span class='ocrx_word' id='word_1_224' title='bbox 2673 854 2759 917; x_wconf 84' lang='lat'><strong>65</strong></span> 
     </span>
    </p>
   </div>
   <div class='ocr_carea' id='block_1_24' title="bbox 2671 1371 2761 1434">
    <p class='ocr_par' dir='ltr' id='par_1_32' title="bbox 2671 1371 2761 1434">
     <span class='ocr_line' id='line_1_80' title="bbox 2671 1371 2761 1434; baseline 0.022 -2"><span class='ocrx_word' id='word_1_225' title='bbox 2671 1371 2761 1434; x_wconf 78' lang='lat'><strong>⁷0</strong></span> 
     </span>
    </p>
   </div>
   <div class='ocr_carea' id='block_1_25' title="bbox 2665 1946 2750 2009">
    <p class='ocr_par' dir='ltr' id='par_1_33' title="bbox 2665 1946 2750 2009">
     <span class='ocr_line' id='line_1_81' title="bbox 2665 1946 2750 2009; baseline 0 0"><span class='ocrx_word' id='word_1_226' title='bbox 2665 1946 2750 2009; x_wconf 73' lang='lat'><strong>⁸15</strong></span> 
     </span>
    </p>
   </div>
   <div class='ocr_carea' id='block_1_26' title="bbox 2655 2455 2751 2522">
    <p class='ocr_par' dir='ltr' id='par_1_34' title="bbox 2655 2455 2751 2522">
     <span class='ocr_line' id='line_1_82' title="bbox 2655 2455 2751 2522; baseline 0 0"><span class='ocrx_word' id='word_1_227' title='bbox 2655 2455 2751 2522; x_wconf 78' lang='lat'><strong>80</strong></span> 
     </span>
    </p>
   </div>
   <div class='ocr_carea' id='block_1_27' title="bbox 2653 3040 2746 3106">
    <p class='ocr_par' dir='ltr' id='par_1_35' title="bbox 2653 3040 2746 3106">
     <span class='ocr_line' id='line_1_83' title="bbox 2653 3040 2746 3106; baseline 0.022 -2"><span class='ocrx_word' id='word_1_228' title='bbox 2653 3040 2746 3106; x_wconf 76' lang='lat'><strong>85</strong></span> 
     </span>
    </p>
   </div>
   <div class='ocr_carea' id='block_1_28' title="bbox 2654 3617 2745 3682">
    <p class='ocr_par' dir='ltr' id='par_1_36' title="bbox 2654 3617 2745 3682">
     <span class='ocr_line' id='line_1_84' title="bbox 2654 3617 2745 3682; baseline -0.022 0"><span class='ocrx_word' id='word_1_229' title='bbox 2654 3617 2745 3682; x_wconf 81' lang='grc'><strong>90</strong></span> 
     </span>
    </p>
   </div>
   <div class='ocr_carea' id='block_1_29' title="bbox 2645 4135 2734 4198">
    <p class='ocr_par' dir='ltr' id='par_1_37' title="bbox 2645 4135 2734 4198">
     <span class='ocr_line' id='line_1_85' title="bbox 2645 4135 2734 4198; baseline -0.011 0"><span class='ocrx_word' id='word_1_230' title='bbox 2645 4135 2734 4198; x_wconf 76' lang='grc'><strong>95</strong></span> 
     </span>
    </p>
   </div>
   <div class='ocr_carea' id='block_1_30' title="bbox 108 4442 2737 4791">
    <p class='ocr_par' dir='ltr' id='par_1_38' title="bbox 108 4442 2737 4791">
     <span class='ocr_line' id='line_1_86' title="bbox 301 4442 2737 4521; baseline -0.003 -15"><span class='ocrx_word' id='word_1_231' title='bbox 301 4445 401 4506; x_wconf 73' lang='lat' dir='ltr'><strong>ns.</strong></span> <span class='ocrx_word' id='word_1_232' title='bbox 437 4466 510 4504; x_wconf 80' lang='lat' dir='ltr'><strong>zu</strong></span> <span class='ocrx_word' id='word_1_233' title='bbox 544 4448 858 4506; x_wconf 80' lang='lat' dir='ltr'><strong>Karlsruhe</strong></span> <span class='ocrx_word' id='word_1_234' title='bbox 891 4466 944 4506; x_wconf 86' lang='lat' dir='ltr'><strong>o.</strong></span> <span class='ocrx_word' id='word_1_235' title='bbox 978 4450 1049 4508; x_wconf 88' lang='lat' dir='ltr'><strong>N.</strong></span> <span class='ocrx_word' id='word_1_236' title='bbox 1092 4466 1209 4507; x_wconf 76' lang='lat' dir='ltr'><strong>von</strong></span> <span class='ocrx_word' id='word_1_237' title='bbox 1246 4451 1399 4506; x_wconf 67' lang='lat'><strong>144⁰.</strong></span> <span class='ocrx_word' id='word_1_238' title='bbox 1445 4450 1531 4507; x_wconf 86' lang='lat' dir='ltr'><strong>Bl.</strong></span> <span class='ocrx_word' id='word_1_239' title='bbox 1566 4451 1656 4508; x_wconf 79' lang='lat'><strong>65.</strong></span> <span class='ocrx_word' id='word_1_240' title='bbox 1700 4450 1835 4521; x_wconf 78' lang='lat' dir='ltr'><strong>(K).</strong></span> <span class='ocrx_word' id='word_1_241' title='bbox 1900 4450 2004 4506; x_wconf 86' lang='lat' dir='ltr'><strong>Die</strong></span> <span class='ocrx_word' id='word_1_242' title='bbox 2041 4447 2327 4517; x_wconf 85' lang='lat' dir='ltr'><strong>Stropheu</strong></span> <span class='ocrx_word' id='word_1_243' title='bbox 2364 4443 2635 4502; x_wconf 79' lang='lat' dir='ltr'><strong>bestehen</strong></span> <span class='ocrx_word' id='word_1_244' title='bbox 2669 4442 2737 4499; x_wconf 78' lang='lat' dir='ltr'><strong>in.</strong></span> 
     </span>
     <span class='ocr_line' id='line_1_87' title="bbox 113 4528 2732 4612; baseline -0.004 -16"><span class='ocrx_word' id='word_1_245' title='bbox 113 4539 221 4596; x_wconf 81' lang='lat' dir='ltr'><strong>der</strong></span> <span class='ocrx_word' id='word_1_246' title='bbox 273 4537 372 4594; x_wconf 82' lang='lat' dir='ltr'><strong>Hs.</strong></span> <span class='ocrx_word' id='word_1_247' title='bbox 428 4538 713 4611; x_wconf 84' lang='lat' dir='ltr'><strong>jedesmal</strong></span> <span class='ocrx_word' id='word_1_248' title='bbox 763 4554 866 4594; x_wconf 78' lang='lat' dir='ltr'><strong>aus</strong></span> <span class='ocrx_word' id='word_1_249' title='bbox 918 4539 1043 4595; x_wconf 82' lang='lat' dir='ltr'><strong>vier</strong></span> <span class='ocrx_word' id='word_1_250' title='bbox 1089 4538 1300 4612; x_wconf 75' lang='lat' dir='ltr'><strong>langen</strong></span> <span class='ocrx_word' id='word_1_251' title='bbox 1343 4537 1578 4595; x_wconf 84' lang='lat' dir='ltr'><strong>Verseu.</strong></span> <span class='ocrx_word' id='word_1_252' title='bbox 1674 4537 1771 4594; x_wconf 84' lang='lat' dir='ltr'><strong>Hs.</strong></span> <span class='ocrx_word' id='word_1_253' title='bbox 1816 4554 1889 4593; x_wconf 75' lang='lat' dir='ltr'><strong>zu</strong></span> <span class='ocrx_word' id='word_1_254' title='bbox 1934 4536 2212 4606; x_wconf 80' lang='lat' dir='ltr'><strong>Freiburg</strong></span> <span class='ocrx_word' id='word_1_255' title='bbox 2276 4534 2379 4590; x_wconf 86' lang='lat' dir='ltr'><strong>No.</strong></span> <span class='ocrx_word' id='word_1_256' title='bbox 2415 4534 2501 4589; x_wconf 80' lang='lat'><strong>91.</strong></span> <span class='ocrx_word' id='word_1_257' title='bbox 2564 4528 2604 4587; x_wconf 81' lang='lat' dir='ltr'><strong>f.</strong></span> <span class='ocrx_word' id='word_1_258' title='bbox 2640 4529 2732 4588; x_wconf 65' lang='lat'><strong>73.</strong></span> 
     </span>
     <span class='ocr_line' id='line_1_88' title="bbox 117 4618 2727 4698; baseline -0.003 -17"><span class='ocrx_word' id='word_1_259' title='bbox 117 4629 188 4682; x_wconf 79' lang='lat'><strong>15</strong></span> <span class='ocrx_word' id='word_1_260' title='bbox 226 4626 429 4684; x_wconf 78' lang='lat' dir='ltr'><strong>Jahrh.</strong></span> <span class='ocrx_word' id='word_1_261' title='bbox 465 4625 591 4697; x_wconf 83' lang='lat' dir='ltr'><strong>(F),</strong></span> <span class='ocrx_word' id='word_1_262' title='bbox 627 4625 713 4681; x_wconf 78' lang='lat' dir='ltr'><strong>als</strong></span> <span class='ocrx_word' id='word_1_263' title='bbox 749 4624 938 4682; x_wconf 86' lang='lat' dir='ltr'><strong>oratio</strong></span> <span class='ocrx_word' id='word_1_264' title='bbox 973 4625 1126 4683; x_wconf 83' lang='lat' dir='ltr'><strong>edita</strong></span> <span class='ocrx_word' id='word_1_265' title='bbox 1160 4642 1264 4698; x_wconf 85' lang='lat' dir='ltr'><strong>per</strong></span> <span class='ocrx_word' id='word_1_266' title='bbox 1298 4640 1505 4698; x_wconf 84' lang='lat' dir='ltr'><strong>papam</strong></span> <span class='ocrx_word' id='word_1_267' title='bbox 1536 4625 1777 4682; x_wconf 75' lang='lat' dir='ltr'><strong>Johann.</strong></span> <span class='ocrx_word' id='word_1_268' title='bbox 1811 4624 1979 4684; x_wconf 82' lang='lat' dir='ltr'><strong>xxn.</strong></span> <span class='ocrx_word' id='word_1_269' title='bbox 2049 4623 2152 4679; x_wconf 86' lang='lat' dir='ltr'><strong>Die</strong></span> <span class='ocrx_word' id='word_1_270' title='bbox 2188 4623 2314 4679; x_wconf 78' lang='lat' dir='ltr'><strong>Has.</strong></span> <span class='ocrx_word' id='word_1_271' title='bbox 2347 4619 2441 4677; x_wconf 82' lang='lat' dir='ltr'><strong>Rs</strong></span> <span class='ocrx_word' id='word_1_272' title='bbox 2475 4618 2589 4675; x_wconf 86' lang='lat' dir='ltr'><strong>und</strong></span> <span class='ocrx_word' id='word_1_273' title='bbox 2624 4618 2727 4674; x_wconf 85' lang='lat' dir='ltr'><strong>der</strong></span> 
     </span>
     <span class='ocr_line' id='line_1_89' title="bbox 108 4704 2731 4791; baseline -0.005 -17"><span class='ocrx_word' id='word_1_274' title='bbox 108 4713 311 4774; x_wconf 77' lang='lat' dir='ltr'><strong>Druck</strong></span> <span class='ocrx_word' id='word_1_275' title='bbox 344 4715 394 4774; x_wconf 85' lang='lat' dir='ltr'>P</span> <span class='ocrx_word' id='word_1_276' title='bbox 442 4714 568 4772; x_wconf 77' lang='lat' dir='ltr'><strong>siud</strong></span> <span class='ocrx_word' id='word_1_277' title='bbox 614 4715 708 4774; x_wconf 83' lang='lat' dir='ltr'><strong>bei</strong></span> <span class='ocrx_word' id='word_1_278' title='bbox 754 4714 857 4774; x_wconf 73' lang='lat' dir='ltr'><strong>der</strong></span> <span class='ocrx_word' id='word_1_279' title='bbox 901 4715 1143 4791; x_wconf 73' lang='lat' dir='ltr'><strong>vorigen</strong></span> <span class='ocrx_word' id='word_1_280' title='bbox 1175 4715 1440 4776; x_wconf 76' lang='lat' dir='ltr'><strong>Nummer</strong></span> <span class='ocrx_word' id='word_1_281' title='bbox 1484 4718 1748 4788; x_wconf 78' lang='lat' dir='ltr'><strong>genaunt.</strong></span> <span class='ocrx_word' id='word_1_282' title='bbox 1817 4714 1880 4774; x_wconf 81' lang='lat' dir='ltr'><strong>ln</strong></span> <span class='ocrx_word' id='word_1_283' title='bbox 1914 4713 1958 4778; x_wconf 80' lang='lat' dir='ltr'>F</span> <span class='ocrx_word' id='word_1_284' title='bbox 1993 4709 2195 4785; x_wconf 71' lang='lat' dir='ltr'><strong>fulgen</strong></span> <span class='ocrx_word' id='word_1_285' title='bbox 2231 4709 2404 4782; x_wconf 70' lang='lat' dir='ltr'><strong>abige</strong></span> <span class='ocrx_word' id='word_1_286' title='bbox 2438 4704 2731 4786; x_wconf 66' lang='lat' dir='ltr'><strong>§trophea</strong></span> 
     </span>
    </p>
   </div>
  </div>
 </body>
</html>
