3159 5259
389 290 523 356 us

391 475 573 541 Deus
614 473 798 539 dedit
834 473 1229 540 Michaelem

391 577 821 663 principalem
862 583 1194 662 pastorem
1209 621 1231 658 ,

396 681 558 746 deus
600 681 779 746 illum
825 680 1155 746 ordinavit
1570 676 1600 738 1
1613 675 1651 738 5

392 781 722 849 hominum
761 788 1223 866 protectorem.

393 943 663 1013 Electus
708 951 904 1025 atque
949 949 1360 1009 constructus

397 1047 638 1113 domini
682 1044 1058 1130 prudent&
1444 1051 1451 1056 ’

396 1152 693 1216 elevatus
737 1169 818 1216 ac
860 1149 1175 1215 formatus

396 1251 502 1317 dei
546 1249 883 1335 sapientia⁴
1564 1245 1654 1311 20

393 1430 804 1501 Fortitudine
848 1429 1084 1499 bellica

396 1537 830 1603 consternatis
875 1534 1154 1600 celebris

394 1656 521 1724 pro
566 1638 776 1702 salute
818 1633 1194 1719 triumphali

396 1741 787 1824 homanique
834 1738 1116 1823 generis.

402 1922 690 1997 Gloriam
734 1920 843 1984 dei
888 1917 1224 1990 contendit
1567 1916 1653 1980 25

401 2042 548 2089 cum
592 2037 910 2106 perverso
956 2020 1226 2085 doctore
1242 2065 1262 2101 ‚
1528 2019 1537 2026 '

398 2145 544 2193 cum
591 2126 745 2191 olim
790 2124 1221 2189 altercaretur

399 2228 483 2293 de
526 2229 826 2315 Moysico
872 2244 1173 2313 corpore.

395 2409 586 2478 Hanc
628 2411 939 2476 nemirum
984 2426 1177 2492 quam
1219 2407 1610 2494 praeclaram

396 2513 754 2580 continebit
796 2512 1101 2595 gloriam,
1564 2510 1651 2575 30

397 2634 541 2683 cum
590 2620 886 2680 conteret
931 2612 1377 2678 antichristum

395 2736 523 2804 per
563 2717 791 2781 miram
832 2716 1191 2782 victoriam.

328 2919 331 2924 ·
395 2897 473 2965 In
518 2894 809 2962 exercitu
854 2895 1193 2979 caelorum,

393 3003 463 3069 in
504 3003 814 3067 virtutum
861 3002 1119 3084 agmine

394 3124 612 3172 nonne
654 3105 866 3189 fulget
907 3102 1194 3170 Michael
1236 3103 1435 3169 mirus
1567 3103 1652 3167 35

392 3207 833 3294 pulcherrimo
876 3207 1118 3273 ardore
1136 3208 1174 3271 *ἓ

393 3387 635 3456 Kastro
681 3389 988 3455 caelorum
1023 3393 1398 3454 constructo

395 3492 638 3557 divicto
683 3490 945 3556 diabulo

394 3602 549 3661 tunc
591 3593 865 3676 fulgebit
908 3593 1198 3660 Michael
1239 3594 1440 3659 mirus

394 3714 540 3763 cum
585 3705 809 3763 coorto
856 3696 1144 3763 credulo.
1562 3697 1649 3762 40

386 3873 538 3944 Lux
575 3877 881 3943 oaelorum
925 3895 1005 3943 ac
1049 3884 1369 3942 terrarum

389 3981 778 4065 praeclarum
794 4028 812 4065 ,
857 3981 1152 4049 mirabile
1166 4029 1184 4065 ‚

387 4103 625 4150 nomen
669 4091 866 4167 atque
916 4103 1153 4150 nomen
1194 4104 1500 4170 magnum

390 4187 736 4255 Michaelis
783 4189 1064 4256 celebre.

385 4359 881 4443 Magistratibus
916 4362 1226 4428 caelorum
1559 4361 1647 4426 45

387 4472 584 4547 atque
630 4465 995 4547 legionibus

387 4565 548 4630 deus
592 4567 773 4633 dedit
813 4568 1205 4635 Michaelem

386 4666 618 4736 ducem
659 4673 875 4739 multis
917 4673 1222 4743 millibus.

1757 466 1992 534 Nonne
2040 461 2327 547 armiger
2365 461 2655 546 petentis

1758 569 2167 652 belligerque
2209 565 2487 632 rectoris
2501 564 2540 629 ‘2
2943 563 3034 628 5⁰

1759 691 1976 737 nonne
2020 668 2307 743 Michael
2349 683 2625 750 magnus
2667 675 2898 733 manet

1759 792 1990 840 manus
2038 772 2226 837 fortis
2271 769 2538 837 factoris
2552 767 2589 838 ‘3
2658 827 2671 840 .

1761 934 1817 1001 0
1864 932 2330 1017 archangelum
2375 931 2732 1015 caelestem,

1759 1058 1804 1105 o
1849 1045 2229 1105 terrestrem
2260 1033 2584 1119 judicem,

1625 1199 1632 1204 .
1761 1161 1804 1207 o
1848 1145 2176 1222 ornatum,
2222 1136 2598 1202 decoratum
2612 1182 2632 1219 ‚
2944 1138 3032 1199 55

1763 1262 1806 1309 o
1849 1245 2194 1329 probatum
2237 1239 2539 1305 militem!

1760 1426 2237 1511 Principalibus
2282 1423 2591 1490 doctrinis

1763 1531 2129 1613 divinisque
2169 1529 2442 1595 vocibus

1760 1635 2070 1718 princeps
2113 1631 2441 1697 exercitus
2485 1628 2595 1695 dei

1759 1738 2032 1821 insignis
2079 1737 2378 1803 afatibus.
2947 1734 3032 1798 60

1762 1916 1919 1996 Quis
1963 1918 2160 1980 maris
2201 1912 2699 2000 profunditatis,

1760 2022 1905 2103 quis
1951 2018 2101 2085 coeli
2147 2016 2232 2082 de
2276 2017 2583 2082 extremis
2596 2064 2616 2100 ,

1761 2122 1905 2206 quis
1950 2119 2246 2186 conscius
2290 2118 2606 2184 celsitatis

1760 2225 1997 2292 adonai
2040 2223 2125 2289 de
2170 2222 2467 2309 supernis
2480 2221 2520 2288 ’Β

1758 2404 2006 2474 Rector
2054 2412 2252 2486 atque
2295 2401 2439 2465 veri
2483 2398 2718 2467 doctor
2943 2401 3028 2465 65

1757 2516 2223 2594 protectorque
2267 2505 2583 2590 gentium,

1759 2630 1975 2678 nonne
2017 2612 2228 2694 fulget
2268 2609 2560 2676 Michael
2600 2607 2802 2675 mirus
2817 2656 2839 2692 ‚

1759 2735 1905 2784 cum
1948 2718 2033 2782 sit
2076 2716 2180 2781 sol
2222 2714 2620 2781 credentium
2635 2714 2674 2778 ’ἒ

1760 2895 2204 2964 Saluberrima
2247 2892 2547 2962 doctrina
3141 2961 3142 2974 χ

1758 3001 2067 3085 claroque
2111 2999 2457 3064 monimine
2505 3001 2522 3012 “
2941 3000 3031 3065 70
3141 3055 3142 3064 ,

1755 3106 2061 3173 liberavit
2100 3103 2389 3170 Michael
2431 3101 2740 3172 mundum

1755 3227 1998 3293 magno
2042 3207 2480 3293 adjuvamine.

1757 3390 2076 3457 Terribile
2121 3389 2361 3462 mundo
2403 3389 2642 3456 malum

1756 3493 2118 3561 antichristi
2169 3512 2492 3560 venenum

1756 3599 2129 3683 extingetur
2169 3620 2212 3665 a
2256 3598 2583 3665 Michaele
2943 3599 3032 3662 '15

1753 3702 2153 3769 mortiferum
2166 3750 2185 3786 ,
2227 3701 2609 3772 morbidum.

1754 3877 2001 3945 Verum
2044 3878 2510 3962 archangelum
2550 3897 2868 3963 magnum

1754 3981 2131 4066 adjuramus
2174 3982 2517 4047 maximum
2533 4028 2553 4063 ,

1750 4088 2042 4150 nostram
2083 4084 2425 4150 caritatem
2469 4084 2687 4151 firmet

1751 4188 1818 4251 in
1866 4187 2058 4253 deum
2101 4194 2169 4252 et
2213 4188 2595 4272 proximum.
2943 4188 3039 4256 80

1749 4361 1901 4431 xsti
1945 4380 2186 4430 aurora
2229 4361 2509 4447 fulgebit

1749 4467 1819 4532 in
1861 4465 2078 4531 futuro
2123 4466 2382 4551 agmine
2395 4512 2415 4548 ‚

1752 4567 2187 4653 archangelus
2231 4588 2467 4635 manus
2507 4566 2760 4636 mundo

1752 4690 1899 4740 cum
1939 4672 2188 4758 ingenti
2229 4673 2509 4758 fulgore.
2527 4767 2548 4780 ⁶

3112 849 3143 911 A
