3159 5259
351 485 421 539 16
473 465 627 551 ποῖ,
690 478 729 537 f.
766 481 1112 551 consuescit5
1172 480 1265 537 (lie
1299 480 1471 539 Form
1496 461 1651 538 'trifft
1683 497 1812 538 man
1845 483 2124 540 zuveilen
2158 500 2233 540 un
2282 485 2343 544 8.
2376 487 2484 545 No.
2514 488 2640 559 270,
2686 487 2781 546 8‘2'.

164 575 240 629 43
275 571 446 628 animi
478 571 588 627 mei
621 570 716 625 Hs.

343 692 408 748 V.
446 693 475 746 1
493 723 555 733 -
571 693 620 747 4.
676 689 821 757 Quid
866 689 1093 758 mirum,
1155 690 1207 744 si
1253 690 1573 745 christianis
1623 690 1969 761 temporibus
2015 690 2126 746 iste
2172 692 2435 763 mundns,
2491 697 2778 763 tanqum

160 793 369 835 servus
412 779 537 851 jam
590 777 775 832 sciens
829 776 1182 832 voluntatem
1246 776 1456 832 domini
1508 778 1599 832 sui
1660 782 1720 833 et
1767 774 1983 834 faciens
2031 779 2205 851 digna
2257 780 2479 853 plagis,
2541 779 2779 850 vapulat

164 866 413 922 multas?
465 865 624 935 (Luc.
663 867 748 932 12,
784 866 869 919 47.
904 864 1024 932 48).
1074 866 1338 935 Anyti-stin.
1389 879 1474 935 ep.
1524 867 1657 935 111,
1693 867 1742 920 2.
1840 865 2090 935 Origenes
2126 868 2271 922 hom.
2309 868 2394 937 16,
2432 871 2482 921 7.
2536 870 2671 936 sagt
2705 881 2778 919 zu

163 954 295 1008 Luc.
333 954 428 1021 12,
465 953 550 1020 47,
597 949 765 1006 Hebr.
801 950 897 1018 10,
934 950 1020 1004 26.
1055 949 1144 1005 27.
1209 946 1364 1017 ἄξιον
1398 942 1496 1006 οὖν
1532 952 1649 1006 ἐστι
1688 950 1817 1015 τοὺς
1862 952 1962 1023 μὲν
2009 949 2123 1007 ἀπὸ
2157 949 2266 1009 τῶν
2303 951 2487 1010 ἐθνῶν
2522 948 2778 1025 ἆμαρτώ-

162 1058 358 1101 νοντας
386 1034 790 1112 ἀπολαμβάνειν
823 1033 1002 1091 αὐτῶν
1038 1035 1191 1091 ἁπλᾶ
1223 1035 1293 1092 τὰ
1332 1031 1700 1111 ἁμαρτήματα
1719 1079 1736 1105 ,
1771 1033 1916 1108 ἡμᾶς
1950 1038 2013 1093 δὲ
2048 1036 2221 1093 διπλᾶ
2255 1034 2411 1111 ἡμῶν
2445 1033 2776 1111 ἀπολαμβά-

163 1145 274 1181 νειν
307 1122 377 1178 τὰ
416 1128 747 1196 πταίσματα.
837 1123 974 1177 Wir
1018 1124 1230 1178 wissen
1279 1122 1387 1179 den
1434 1123 1657 1178 Willen
1704 1123 1930 1193 Gottes,
1993 1126 2129 1180 thun
2180 1126 2290 1180 wir
2324 1126 2421 1180 ibn
2457 1124 2638 1193 nicht,
2702 1138 2774 1179 so

161 1212 396 1267 werden
449 1211 557 1265 wir
616 1209 851 1282 ‹loppelt
902 1209 1245 1281 geziichtigt.
1328 1209 1497 1282 Saepe
1544 1210 1827 1278 haeretici,
1892 1211 2025 1281 quia
2068 1207 2255 1283 affligi
2303 1212 2576 1282 quosdam
2623 1209 2776 1265 intra

163 1303 417 1354 sunctum
451 1297 749 1352 ecclesiam
783 1296 1006 1364 vident,
1056 1296 1327 1366 scriptum
1362 1294 1567 1366 quippe
1605 1296 1674 1351 de
1710 1297 1817 1352 deo
1854 1302 1972 1353 est·
2035 1294 2294 1370 flagellat
2330 1315 2547 1353 omnem
2581 1293 2775 1367 filium,

161 1401 329 1456 quem
371 1384 577 1453 recipit
624 1382 824 1452 (Hebr.
862 1384 945 1452 12,
983 1383 1078 1451 6),
1150 1382 1548 1438 tribulationes
1600 1379 1848 1438 fidelium
1900 1399 2014 1439 non
2064 1384 2175 1439 nisi
2229 1400 2298 1438 ex
2350 1388 2590 1455 peccato
2644 1397 2773 1437 esse

162 1471 559 1540 suspicantur,
623 1485 794 1539 seque
840 1468 971 1525 ideo
1020 1469 1213 1541 justos
1271 1469 1531 1538 credunt,
1596 1470 1730 1539 quia
1765 1472 1822 1525 in
1856 1470 2159 1543 pravitatis
2195 1486 2314 1526 snae
2351 1487 2521 1527 sensu
2556 1468 2774 1525 dimissi

160 1557 286 1611 sine
322 1551 555 1627 flagello
592 1557 916 1611 durnerunt.
969 1555 1185 1625 (ἕτερον.
1221 1557 1291 1611 Μ.
1326 1556 1524 1613 moral.
1564 1559 1651 1624 14,
1689 1558 1774 1611 34.

343 1642 407 1697 V.
442 1644 593 1697 23-
608 1645 692 1697 27.
746 1642 940 1698 Hostis
977 1646 1175 1698 noster
1209 1647 1300 1698 tot
1335 1659 1440 1699 nos
1469 1643 1686 1716 jaculis
1712 1644 1974 1714 percutit,
2012 1649 2150 1714 quot
2183 1643 2588 1699 tentationibus
2624 1637 2780 1697 affli-

164 1729 284 1800 git3
349 1730 600 1799 quotidie
636 1745 872 1799 namque
906 1729 965 1783 in
1000 1729 1124 1787 acie
1159 1733 1402 1799 stamus,
1437 1730 1691 1801 quotidie
1729 1731 2099 1786 tentationum
2136 1732 2263 1804 ejus
2300 1729 2418 1788 tela
2453 1729 2776 1800 excipimus.

165 1816 383 1885 Greyor.
416 1816 486 1870 M.
521 1831 658 1871 mor.
697 1818 748 1883 1,
784 1818 869 1870 32.

340 1902 406 1958 V.
440 1905 510 1957 25
526 1934 588 1944 -
604 1904 689 1958 28.
736 1900 1161 1974 suscipiendum
1196 1908 1285 1957 est
1321 1903 1532 1957 bellum
1567 1908 1770 1959 contra
1806 1903 1950 1958 vitia
1987 1909 2046 1957 et
2081 1902 2389 1975 gerendum
2423 1902 2665 1972 acriter,
2701 1916 2778 1957 ne

158 1988 238 2044 ad
273 1988 612 2045 damnabilia
647 1994 885 2062 peccata
917 1986 1203 2060 perducat.
1257 1990 1521 2060 Λαμπετίη.
1559 1990 1629 2045 de
1667 1991 1771 2044 civ.
1808 1989 1899 2045 dei
1931 1992 2020 2059 21,
2059 1991 2139 2044 16.

636 2273 811 2347 287.
877 2273 1208 2373 Hymnus
1261 2270 1348 2345 de
1400 2270 1551 2346 XV
1604 2270 1894 2372 psalmis
1936 2269 2301 2371 graduum.

164 2474 263 2539 Aa
303 2476 617 2540 dominum
660 2474 1114 2557 clamaveram,
1526 2476 1651 2556 Qui
1693 2474 2008 2555 confidunt
2049 2477 2116 2538 in
2164 2476 2442 2556 domina,

167 2594 311 2641 cum
358 2577 683 2641 tribulatus
731 2577 997 2660 sueram,
1523 2575 1924 2641 dominatore
1969 2576 2278 2657 maximo,

164 2685 236 2741 et
280 2680 594 2743 exaudivit
638 2676 930 2743 dominus
1520 2685 1592 2746 ut
1632 2696 1813 2745 mons
1857 2680 2010 2746 Sion
2053 2686 2375 2762 perpetuo

159 2799 428 2846 servum
473 2798 657 2845 snum
702 2780 1099 2862 quantocius,
1523 2799 1651 2847 non
1693 2787 1968 2847 movetur
2012 2784 2095 2848 ab
2142 2782 2378 2864 aliquo.

164 2945 400 3009 Levavi
441 2959 611 3007 meos
656 2942 868 3007 oeulos
1378 2945 1417 3005 5
1523 2939 1605 3006 In
1649 2943 2055 3007 convertendo
2101 2943 2387 3006 dominas
2690 2943 2776 3005 25

162 3044 381 3109 statim
426 3046 512 3110 ad
552 3049 790 3110 montes
832 3042 1160 3128 pristinae,
1524 3048 1941 3127 captivitatem
1978 3044 2272 3128 protinus

164 3150 331 3214 unde
376 3147 500 3211 erit
544 3147 857 3211 altissimo
1525 3148 1699 3228 Sion,
1745 3148 1901 3211 satis
1945 3146 2011 3208 in
2058 3145 2351 3209 omnibus

164 3250 472 3317 auxilium
518 3270 559 3315 a
603 3248 877 3315 domino.
1524 3250 1828 3315 consolati
1871 3265 1989 3311 nos
2033 3247 2282 3311 fuimus

162 3412 440 3478 Loetatas
482 3430 620 3478 sum
664 3416 732 3477 in
778 3411 1100 3492 omnibuS,
1525 3412 1668 3477 Nisi
1710 3413 1996 3477 dominus
2039 3410 2436 3491 aedificaverit

168 3534 302 3599 quoe
345 3519 502 3582 discit
544 3516 699 3580 milii
741 3512 1032 3578 dominns
1051 3562 1067 3596 ,
1339 3517 1419 3581 10
1525 3523 1717 3595 atque
1763 3532 1882 3577 nos
1931 3513 2449 3595 conservaverit,
2690 3518 2778 3582 30

164 3622 255 3684 ad
304 3621 552 3684 domum
597 3620 697 3683 dei
737 3619 992 3700 ibimus,
1523 3634 1756 3681 vanam
1800 3623 1900 3688 est
1947 3632 2110 3697 opus
2155 3614 2430 3679 omnium

166 3722 234 3786 in
279 3741 407 3804 qua
451 3739 708 3804 semper
755 3722 1167 3786 manebimus.
1525 3720 1752 3784 domus
1796 3717 2269 3783 aedificantium.

162 3884 264 3950 Ad
306 3889 363 3949 te
404 3899 575 3948 meos
619 3882 822 3948 levavi
864 3882 1102 3963 oculos,
1523 3882 1707 3947 Beati
1747 3881 1861 3945 filii
1906 3881 2257 3962 hominum,

160 4005 208 4049 o
255 3986 447 4066 deuS,
494 3986 661 4048 inter
706 4002 826 4049 nos
1526 3988 1631 4066 qui
1676 4002 1860 4048 suum
1908 3988 2118 4048 timent
2162 3983 2508 4060 dmuinum,

168 4092 275 4169 qui
318 4105 390 4150 es
434 4090 501 4151 in
544 4087 678 4151 coeli
714 4086 986 4150 culmine
1340 4088 1420 4148 15
1526 4088 1763 4167 quique
1807 4091 1876 4151 in
1919 4089 2024 4150 via
2068 4092 2348 4166 angusta
2695 4087 2790 4150 35

166 4208 314 4255 cnm
360 4190 740 4270 angelorum
784 4189 1055 4270 agmine.
1526 4186 1657 4252 fide
1704 4189 2030 4256 ambutant
2068 4191 2354 4253 robusta.

169 4355 316 4417 Nisi
357 4357 504 4436 quia
550 4352 896 4416 altissimus
1529 4354 1709 4435 Soepe
1751 4370 1851 4416 me
1895 4355 2435 4434 emanaverunt,

166 4461 309 4522 erat
350 4460 415 4520 in
461 4457 640 4521 nobis
683 4458 1001 4540 dominus,
1529 4471 1655 4516 uec
1697 4459 2047 4536 potuerunt
2092 4451 2484 4533 adversarii,

170 4558 335 4621 dicat
378 4556 625 4622 Israhel
665 4558 987 4640 omnibuS‚
1530 4555 1648 4618 sed
1694 4562 2114 4619 cessaverunt
2160 4555 2493 4636 continua,

168 4659 554 4724 infirmiores
599 4660 847 4725 fuimus,
1338 4661 1424 4724 20
1532 4660 1937 4725 confortante
1983 4679 2083 4723 me
2132 4659 2406 4724 domiuo.
2698 4661 2786 4725 40
