3159 5259
374 278 511 351 8³8

506 461 693 547 Ave,
739 463 925 547 cujus
970 462 1175 527 facies
1592 463 1633 524 5
1876 457 2028 527 Avo
2043 507 2059 540 ‚
2110 459 2298 543 eujus
2347 460 2562 541 gratia

600 573 792 650 sputo
838 563 1267 644 deformatur,
1963 561 2202 627 latroni
2247 563 2618 643 minentur,

511 669 720 753 alapis
768 666 1197 749 confunditur,
1879 664 2030 731 dum
2076 671 2502 750 compunctus
2546 665 2765 731 anino

597 774 830 859 pannis
878 770 1238 838 obvelatur.
1965 776 2031 833 te
2077 766 2272 835 deum
2316 767 2680 834 confltetur.

512 930 694 1016 Ave,
726 932 928 1014 ¹enjus
972 929 1261 995 inolitum
1880 929 2064 1015 Ave,
2110 932 2222 1014 qui
2263 931 2584 1016 discipulo
2977 936 3069 998 45

604 1054 842 1118 corpus
888 1031 1282 1098 denudatum
1557 1033 1639 1096 10
1966 1044 2238 1103 matrem
2282 1034 2772 1117 commendasti,

517 1146 587 1205 et
626 1139 959 1219 virgarum
1002 1137 1237 1201 ictibus
1881 1139 2168 1207 Jolmmi
2209 1139 2512 1222 virgineo

602 1241 746 1308 dire
780 1243 1215 1306 verberatum.
1968 1242 2254 1325 custodi,
2303 1260 2492 1325 quem
2538 1242 2800 1307 amasti.

518 1405 672 1475 Ave
688 1456 705 1490 ,
751 1407 859 1491 qui
900 1424 1239 1490 purpurea
1882 1400 2066 1489 Ave,
2120 1404 2348 1470 dulcor
2393 1406 2625 1470 animae

602 1518 789 1575 veste
837 1507 1259 1574 circumdaris
1502 1564 1509 1573 .
1970 1506 2148 1571 cruci
2194 1507 2644 1589 conclavatuS,
2965 1512 3047 1574 50

518 1622 587 1682 et
631 1615 886 1680 derisus
935 1614 1151 1679 taliter
1563 1611 1646 1674 15
1882 1609 2055 1673 fellis
2106 1609 2488 1673 amarissimi

600 1718 807 1802 spinis
845 1717 1204 1783 coronaris.
1970 1712 2210 1796 poculo
2257 1718 2538 1796 potatae.

517 1876 704 1960 Ave,
753 1878 860 1960 qui
906 1876 992 1941 ad
1036 1876 1361 1941 victimam
1884 1866 2067 1953 Ave,
2114 1873 2224 1956 qui
2265 1871 2564 1937 incendio

608 1978 838 2042 ductus
883 1978 1193 2061 bajulasti
1974 1975 2186 2039 crucis
2237 1995 2310 2038 es
2357 1984 2640 2059 assatae,

523 2100 801 2164 erucem,
848 2081 913 2143 in
959 2099 1088 2161 qua
1131 2080 1388 2143 fortiter
1887 2098 2094 2161 agnus
2142 2079 2280 2145 sine
2321 2081 2573 2144 macula
2951 2084 3025 2147 55

609 2202 733 2268 pro
778 2184 966 2248 nobis
1014 2182 1348 2247 dimicasti.
1562 2183 1650 2248 20
1969 2199 2093 2265 pro
2138 2182 2326 2247 nobis
2370 2183 2759 2249 immolatus,

1883 2347 2070 2435 Ave,
2116 2351 2383 2417 tradens
2439 2351 2739 2435 spiritum

1972 2457 2148 2539 patri
2185 2454 2679 2537 commendasti,

1891 2575 2058 2642 opus
2105 2559 2220 2623 tibi
2267 2558 2584 2623 creditum

1975 2658 2083 2741 pie
2132 2658 2603 2723 consummasti.
2945 2662 3024 2724 60

393 2399 504 2474 IV.
550 2397 736 2484 Ave,
783 2399 969 2483 cujus
1014 2397 1230 2463 denuo

613 2522 853 2586 corpus
900 2503 1291 2569 denudatum

528 2614 661 2672 stat
700 2607 766 2671 in
812 2627 1004 2675 cruce
1050 2607 1345 2672 manibus

613 2717 682 2772 et
722 2710 996 2793 pedibus
1040 2710 1328 2793 ligatum.

526 2871 681 2951 Ave,
728 2877 833 2954 qui
876 2873 1179 2937 amabiles
1567 2872 1652 2935 25
1757 2868 1838 2937 V.
1882 2873 2011 2938 Ave
2051 2875 2249 2939 dulcis
2290 2875 2494 2941 hostia

612 2992 840 3039 manus
887 2976 1241 3056 eaepandieti
1977 2992 2192 3040 coram
2228 2980 2415 3057 patre
2458 2977 2607 3057 dec,

525 3082 587 3143 et
620 3095 843 3160 poenas
884 3075 1274 3143 miserabiles
1889 3082 2017 3143 esto
2061 3096 2229 3142 nunc
2276 3081 2552 3160 propitia

605 3184 791 3247 corde
826 3181 1151 3265 pertulisti.
1967 3186 2287 3265 peccatori
2328 3200 2454 3248 reo.

527 3353 746 3421 Avete
791 3378 1016 3423 manus
1066 3378 1284 3423 aureae
1886 3363 2035 3442 Ave,
2078 3382 2257 3446 quem
2299 3367 2369 3429 in
2412 3364 2608 3430 latere
2936 3369 3019 3431 65

613 3462 858 3543 pariter
902 3471 970 3527 et
1013 3464 1269 3528 mundae
1283 3509 1303 3546 ,
1566 3465 1652 3530 30
1975 3464 2199 3530 lancea
2234 3470 2565 3547 percussit,

526 3580 647 3644 per
693 3581 853 3643 quas
899 3565 1072 3629 dona
1115 3568 1348 3648 gratiae
1889 3586 2023 3651 quoe
2064 3572 2287 3633 matris
2331 3587 2441 3632 cor
2484 3587 2563 3633 ex
2603 3567 2865 3635 vulnere

610 3666 940 3751 profluunt
984 3666 1303 3734 habunde.
1975 3670 2180 3737 valide
2224 3676 2549 3755 percussit.

525 3842 710 3927 Ave,
754 3845 961 3929 pedes
1007 3847 1206 3911 inoliti
1886 3853 2038 3921 Ave
2084 3856 2253 3923 latus
2299 3855 2602 3921 floridum

614 3951 821 4016 clavis
864 3952 1180 4035 perforati
1193 3999 1212 4036 ,
1977 3959 2155 4023 rosei
2203 3959 2453 4023 cruoris
2472 4005 2490 4040 ‚
2932 3961 3013 4025 '10

528 4074 610 4122 ao
660 4055 724 4119 in
770 4059 981 4122 mucis
1028 4059 1249 4142 stipite
1564 4063 1651 4126 35
1887 4080 1973 4125 ex
2018 4080 2146 4143 quo
2190 4070 2454 4127 manant
2497 4062 2688 4128 rivuli

613 4161 803 4225 simul
849 4163 1209 4228 cancellati.
1974 4163 2211 4226 fervidi
2256 4164 2512 4229 amoriS.

524 4333 710 4423 Ave,
758 4340 867 4423 qui
912 4359 1055 4407 oum
1098 4343 1312 4427 impiis
1883 4345 2015 4411 Ave
2055 4348 2317 4425 sanquis
2355 4341 2606 4426 floride,

613 4443 804 4506 morti
851 4441 1187 4528 deputaris
1977 4447 2244 4530 sanguis
2290 4464 2646 4529 generose,

527 4550 596 4609 et
635 4563 761 4628 pro
805 4545 1301 4618 adversantibus
1890 4548 2034 4616 laus
2073 4549 2162 4631 ei,
2210 4550 2319 4631 qui
2365 4557 2431 4613 te
2474 4566 2599 4632 pro
2644 4567 2750 4614 me
2930 4552 3012 4614 ’15

609 4649 720 4733 pie
766 4650 1165 4734 deprecaris,
1562 4653 1652 4719 40
1978 4655 2207 4722 effudit
2251 4656 2538 4742 copiose.
