3159 5259
389 296 527 363 ⁸8⁴

390 485 547 550 hinc
590 482 1016 549 contrarietas

478 612 649 658 nunc
693 593 1189 675 circumquaque
1203 638 1221 673 ‚

392 696 564 761 intus
609 694 915 759 timiditas
930 741 949 774 ,

480 798 729 865 deforis
773 817 1035 882 pugnae.

396 985 533 1053 Gur
576 985 732 1049 mihi
774 983 1012 1048 misero

483 1090 597 1155 lux
649 1095 750 1152 est
796 1086 1085 1152 collata?

400 1188 504 1257 cui
554 1187 818 1252 afflictio

488 1291 615 1356 heu
661 1289 1013 1355 cumulata!

400 1392 701 1475 quidnam
745 1392 811 1455 in
858 1389 1100 1455 saeculo

487 1512 679 1575 quam
724 1492 950 1573 gravis
994 1493 1213 1573 labor,

400 1616 592 1679 quam
636 1597 964 1661 tribulatio

485 1698 924 1779 frequensque
971 1693 1160 1760 dolor
1178 1695 1216 1757 ‘3

405 1885 612 1968 „Vilis
655 1885 1014 1969 pulvicule,

490 2001 606 2046 cur
652 1984 1012 2063 querularis
1030 2030 1047 2063 ‚

399 2083 510 2150 hic
554 2085 898 2149 multifarie

491 2206 634 2252 cum
678 2187 1007 2252 tribularis
1025 2187 1059 2250 2

399 2292 647 2372 nescis,
696 2290 871 2372 quod
914 2290 1047 2354 otio

484 2412 614 2458 non
660 2413 830 2459 nunc
874 2392 1294 2476 torpendum,

401 2496 522 2562 sed
557 2496 708 2580 jugi
752 2497 974 2579 gladio

486 2601 697 2680 magis
743 2598 1067 2664 utendum.

399 2783 491 2851 Ut
535 2803 762 2848 aurum
807 2785 1031 2867 purius

487 2888 641 2968 igne
685 2897 1036 2971 purgatur,

398 3009 579 3055 meus
625 2993 720 3057 sic
765 2991 933 3057 filius

484 3114 681 3177 poena
726 3099 1073 3178 probatur:

398 3216 529 3282 ego
575 3219 739 3282 quos
786 3201 987 3284 diligo

486 3319 745 3385 semper
792 3306 1075 3387 castigo,

398 3421 523 3466 nec
569 3423 799 3468 servus
848 3405 1105 3471 domino

485 3502 699 3586 major
745 3513 847 3568 est
893 3524 1028 3570 suo.

400 3666 513 3733 An
558 3670 672 3734 tibi
720 3670 961 3736 excidit

488 3768 661 3851 quod
707 3770 1031 3853 relegisti,

397 3871 507 3937 11ίο
554 3892 711 3938 crux
766 3875 939 3955 quod
987 3878 1260 3960 exstitit,

482 3982 684 4040 totum
729 3977 903 4059 quod
950 3981 1085 4044 vixi
1111 3982 1148 4044 2

397 4086 624 4162 caput,
677 4101 802 4147 nec
846 4082 1074 4166 habui,

484 4200 613 4263 quo
658 4183 1078 4266 reclinarem,

394 4283 503 4348 hic
551 4293 776 4350 auctor
821 4288 1047 4351 saeculi

487 4404 631 4450 cum
678 4390 1026 4453 exularem.

394 4552 649 4631 Quanto
694 4556 801 4622 hic
846 4561 1120 4644 amplius

480 4657 835 4726 humiliaris
847 4710 865 4745 ,

1566 980 1651 1042 25

1568 1492 1652 1555 30

1571 2087 1654 2148 35

1568 3205 1653 3267 45

1569 3776 1653 3839 50

1749 487 1933 545 tanto
1976 477 2332 565 perfectius

1838 583 1994 647 mihi
2041 582 2322 665 aequaris
2335 629 2352 663 ,

1754 685 1861 767 qui
1907 703 2048 749 sum
2094 684 2476 766 altissimae,

1840 788 2001 854 deus
2053 786 2135 851 de
2181 785 2327 869 deo,

1753 889 1874 955 sed
1917 897 2131 954 tamen
2176 889 2469 952 minimus

1839 1007 2115 1071 nequam
2159 989 2224 1052 in
2269 986 2526 1052 mundo.

1753 1192 1909 1257 Mea
1954 1191 2304 1256 humillima

1841 1303 2050 1358 mater
2093 1293 2304 1356 Maria

1756 1397 2033 1460 omnium
2079 1395 2305 1458 ultima

1842 1496 1952 1562 hic
1994 1504 2296 1580 reputata
2315 1543 2332 1577 ‚

1758 1599 1996 1684 quanta
2039 1619 2211 1665 nunc
2254 1595 2466 1680 gloria

1845 1712 1946 1768 est
1990 1703 2361 1784 sublimata,

1757 1807 1865 1872 hic
1909 1827 2031 1889 per
2073 1807 2358 1890 poenalia
2491 1831 2494 1832 ⁷

1843 1918 2024 1973 tanta
2067 1911 2363 1992 probata.

1757 2114 1858 2179 En
1904 2115 2317 2197 singulariter

1846 2219 1998 2281 mihi
2044 2218 2281 2281 delecti

1761 2321 1975 2387 cuncti
2024 2321 2370 2405 poenaliter

1848 2434 1994 2490 sunt
2039 2424 2146 2490 hic
2191 2425 2440 2506 affecti,

1757 2529 2062 2592 virtutum
2107 2526 2350 2590 meritis

1845 2651 1966 2714 per
2009 2630 2137 2695 hoc
2181 2629 2447 2712 repleti,

1760 2755 1932 2801 nunc
1976 2736 2122 2801 coeli
2167 2733 2451 2818 praemiis

1848 2855 2105 2920 semper
2157 2842 2305 2899 sunt
2348 2833 2501 2899 laeti.

1757 3042 1879 3109 Est
1921 3041 2077 3107 mihi
2123 3042 2378 3125 patiens

1844 3163 2100 3228 pauper
2146 3151 2488 3227 acceptuS‚

1761 3252 1974 3317 clarus
2019 3249 2127 3315 hic
2172 3229 2456 3314 insole‘ns

1845 3374 2103 3437 semper
2149 3353 2528 3437 despectus:

1759 3456 2026 3538 mundo,
2073 3455 2248 3537 quod
2292 3455 2608 3538 inclytum

1847 3568 1978 3642 est,
2026 3559 2416 3641 honoratur,

1657 3641 1669 3656 '
1762 3663 1918 3728 mihi
1961 3671 2033 3727 ut
2078 3662 2368 3727 foetidum

1851 3766 2270 3830 abominatur.

1760 3947 1813 4013 Ο
1860 3949 1914 4012 si
1957 3949 2404 4032 perpenderes

1844 4070 1990 4115 mea
2026 4051 2379 4134 promissa,

1653 4151 1662 4166 “
1758 4154 1968 4219 libens
2017 4162 2365 4237 appeteres

1569 4295 1651 4358 55

1846 4277 2118 4338 quaeque
2164 4257 2470 4337 molesta,

1756 4379 1990 4446 posses
2035 4368 2104 4425 ut
2149 4361 2459 4441 consequi

1843 4464 2083 4546 gaudia
2128 4464 2304 4544 coeli,

1759 4585 1906 4647 quae
1953 4567 2193 4631 habent
2238 4565 2476 4648 singuli

1843 4667 1953 4734 hic
1995 4688 2118 4753 pro
2163 4691 2265 4736 me
2309 4668 2507 4755 passi.

2938 1192 3016 1254 65

2941 1704 3016 1767 70

2937 2323 3012 2382 75

2937 2834 3022 2898 80

2945 4045 3030 4112 90

2955 4570 3042 4634 95
