3159 5259
393 295 529 367 414

394 487 635 555 possunt
669 483 895 553 (matth.
936 482 1023 552 18,
1060 483 1179 552 10),
1215 481 1267 536 si
1301 480 1374 535 ad
1408 481 1776 537 ministerium
1810 479 2059 536 exterius
2094 495 2203 552 pro
2228 486 2432 537 nostra
2456 484 2643 539 salute
2670 484 3012 544 mittuntur?

393 572 546 642 quod
582 570 747 627 citius
783 569 1083 637 solvimus,
1119 569 1185 636 si,
1221 573 1447 639 quantus
1483 568 1817 624 subtilitatis
1851 567 1930 622 sit
1967 568 2229 639 angelica
2262 574 2484 639 natura,
2519 587 2839 640 pensamus.
2909 591 3012 630 no-
3133 581 3134 588 ’

392 673 502 728 que
538 658 685 711 onim
719 656 802 710 sic
837 672 874 710 a
909 655 1101 710 divina
1135 652 1354 709 visione
1392 651 1552 709 foras
1589 660 1822 724 exeunt,
1870 659 1935 710 ut
1966 654 2205 711 interna
2243 656 2736 727 contemplationis
2778 660 3011 730 gaudiis

390 744 702 815 priventur,
739 743 890 813 quia,
926 741 977 796 si
1004 739 1318 797 conditoris
1345 745 1635 811 aspectum
1662 745 1927 797 exeuntes
1951 740 2297 810 amitterent,
2332 755 2436 796 nec
2463 743 2730 815 jacentes
2759 747 3011 818 erigere,

393 845 498 885 nec
524 828 916 902 ignorantibus
942 842 1083 881 vera
1108 827 1368 882 nuntiare
1386 827 1707 897 potuissent
1717 826 1786 897 (l.
1805 830 2091 897 possent),
2117 825 2442 899 fontemque
2469 829 2627 900 lucis,
2655 846 2820 901 quem
2850 849 3018 906 egro-
3131 871 3135 888 .

392 919 613 976 dientes
640 919 759 991 ipsi·
777 916 1096 989 perderent,
1132 915 1297 971 caecis
1333 915 1656 972 nullatenus
1677 917 2065 988 propinarent.
2095 918 2154 972 in
2179 920 2289 974 hoc
2311 919 2501 989 itaque
2521 924 2614 974 est
2635 933 2782 976 nunc
2805 924 3017 977 natura

390 1008 655 1079 angelica
689 1023 726 1061 a
759 1010 979 1061 naturas
1014 1008 1231 1060 nostre
1268 1003 1593 1060 conditione
1620 1004 1901 1074 distincta,
1940 1004 2090 1076 quod
2120 1021 2227 1062 uos
2255 1012 2313 1062 et
2337 1006 2472 1062 loco
2504 1005 3017 1063 circumscribimur

386 1100 453 1151 et
498 1094 771 1150 caecitatis
818 1092 1145 1165 ignorantia
1188 1097 1573 1149 contemnar:
1633 1092 1972 1165 angelorum
2019 1106 2161 1148 vero
2198 1093 2432 1163 spiritus
2468 1093 2603 1148 loco
2648 1093 2878 1163 quidem
2913 1096 3020 1150 eir·

390 1181 718 1251 cumscripti
766 1185 923 1249 sunt,
981 1178 1083 1235 sed
1127 1184 1314 1235 tanen
1363 1193 1560 1235 eoram
1607 1178 1862 1235 scientias
1909 1179 2085 1250 longe
2133 1194 2307 1249 super
2340 1194 2450 1235 nos
2483 1179 3015 1250 inconparabiliter

388 1267 716 1324 dilatantur.
757 1297 821 1309 —
857 1267 1153 1323 mittuntur
1188 1268 1365 1340 igitur
1400 1273 1459 1323 et
1494 1266 1787 1337 assistunt,
1824 1266 1958 1337 quia
1993 1272 2053 1323 et
2091 1282 2198 1337 per
2234 1268 2372 1336 hoc,
2415 1267 2569 1339 quod
2602 1267 3020 1341 circumscripti

388 1360 540 1422 sunt,
576 1360 810 1424 exeunt3
844 1360 904 1411 et
938 1371 1041 1425 per
1067 1356 1193 1424 hoc,
1232 1355 1383 1425 quod
1418 1354 1569 1410 intus
1605 1369 1827 1424 quoque
1864 1358 2178 1424 praesentes
2217 1358 2365 1422 sunt,
2402 1369 2697 1425 numquam
2723 1356 3014 1411 recedunt.

388 1450 452 1501 et
486 1441 690 1499 faciem
726 1457 869 1515 ergo
904 1443 1087 1513 patris
1123 1457 1343 1513 semper
1377 1441 1603 1510 vident,
1651 1447 1712 1496 et
1741 1448 1934 1499 tamen
1967 1442 2042 1497 ad
2079 1457 2185 1497 nos
2219 1442 2482 1511 veniunt,
2531 1443 2663 1512 quia
2697 1447 2758 1497 et
2791 1441 2877 1497 ad
2911 1459 3012 1499 nos

390 1530 640 1602 spiritali
673 1529 979 1601 praesentiit
1011 1526 1173 1584 foras
1213 1533 1432 1597 exeunt,
1472 1533 1531 1584 et
1564 1532 1752 1585 nmen
1786 1526 1867 1582 ibi
1901 1542 1982 1598 se,
2019 1527 2164 1586 unde
2190 1534 2563 1598 recesserant,
2599 1543 2704 1598 per
2727 1525 3013 1620 internam

393 1616 925 1688 contemplationem
951 1620 1199 1672 servant.

568 1703 633 1759 V.
671 1705 755 1757 19.
811 1702 1053 1757 elevatis
1088 1701 1371 1770 manibus,
1420 1701 1472 1756 d.
1506 1701 1559 1756 h.
1593 1699 1695 1756 mit
1730 1698 2083 1770 anebsan,
2119 1700 2578 1773 ausgebreiteten
2615 1700 2889 1772 Eandem,
2925 1702 3014 1758 bei

391 1791 605 1847 Hieron
642 1793 842 1845 contra
878 1787 1073 1860 Pelag.
1108 1790 1275 1858 8,14.
1309 1787 1575 1859 expansis
1602 1786 1873 1856 mnibus,
1909 1786 2022 1841 wie
2058 1785 2148 1842 die
2179 1786 2491 1843 flnbet‘ein
2525 1787 2631 1842 der
2664 1787 2863 1845 nmo
2901 1803 3012 1844 von

382 1878 555 1952 jeher
590 1876 901 1932 verrichtet
934 1875 1185 1944 werfflon,
1220 1872 1415 1931 woffir
1448 1875 1576 1930 eino
1611 1873 1793 1929 stell·
1827 1876 2058 1944 geniigt.
2128 1873 2348 1945 (ἕτερον.
2382 1873 2512 1932 Naz-
2549 1890 2636 1931 or.
2669 1873 2755 1930 3⁰.
2797 1890 2861 1944 p.
2895 1876 3011 1931 4⁹5.

390 1963 492 2027 τὰς
538 1971 732 2038 χεῖρας
780 1960 1070 2026 ἀνατείνας
1123 1960 1201 2036 τῷ
1234 1960 1391 2035 θεῷ,
1449 1954 1564 2018 εἶτα
1598 1959 1755 2036 δῶρα
1789 1958 2120 2036 προσάξεις,
2184 1953 2299 2016 εἶτα
2332 1959 2606 2040 ὖπερεύξῃ
2636 1959 2795 2026 λαοῦ.
2884 1962 3014 2034 vgl.

392 2050 977 2117 Νο.260,125.126.

566 2135 633 2192 V.
670 2136 754 2190 32.
810 2151 964 2207 rege.
1019 2135 1161 2203 Quia
1207 2139 1535 2191 cunctorum
1585 2134 1851 2196 conditor
1910 2135 2100 2190 omnia
2151 2150 2259 2206 per
2308 2139 2511 2191 semet·
2486 2137 2693 2207 -ipsum
2739 2139 2911 2192 tenet
2957 2140 3012 2191 et

389 2229 577 2280 tamen
623 2222 696 2277 ad
744 2222 1197 2295 distinguendum
1242 2219 1460 2294 pulcrae
1493 2219 1884 2277 universitatis
1922 2220 2175 2277 ordinem
2221 2222 2340 2277 alia
2384 2221 2515 2278 aliis
2549 2223 3010 2294 dispensantibm

392 2312 573 2384 regit,
611 2327 725 2367 nou
766 2311 1045 2367 immerito
1078 2327 1248 2384 reges
1274 2309 1611 2382 angelum
1636 2308 1870 2380 spiritus
1897 2308 2217 2379 accipimus,
2253 2310 2349 2380 qui
2375 2323 2488 2381 quo
2514 2310 2738 2366 auctori
2764 2309 3011 2367 omnim

389 2397 725 2454 familiarius
762 2398 1033 2467 serviunt,
1070 2414 1145 2456 eo
1186 2399 1447 2472 subjecta
1481 2397 1672 2472 potius
1709 2401 1932 2468 regunt.
2004 2397 2225 2467 δωρον.
2259 2396 2334 2453 Μ.
2364 2411 2503 2453 mor.
2537 2398 2592 2466 4,
2625 2397 2714 2451 5⁵.

893 2721 1066 2796 313.
1136 2721 1224 2792 In
1278 2719 1458 2792 festo
1513 2746 1569 2793 s·
1620 2716 2046 2794 Miehahelis
2087 2717 2511 2819 archangeli.
2547 2813 2554 2816 ¹

390 2929 852 3014 Mysteriorum
898 2928 1167 3011 signifer
1746 2921 2132 2988 Ascendant
2171 2930 2415 2988 nostrae
2459 2924 2757 3007 protinus

390 3035 748 3101 coelestium
764 3081 781 3116 ‚
829 3031 1253 3115 archangele,
1562 3035 1567 3036 ’
1747 3024 1836 3089 ad
1878 3025 2177 3090 thronum
2197 3037 2421 3089 'voces
2466 3027 2699 3114 gloriae

386 3146 457 3203 to
503 3138 942 3222 supplicantes
987 3152 1349 3217 quaesumes
1362 3182 1381 3218 ,
1746 3135 2123 3211 mentesque
2167 3137 2426 3194 nostras
2471 3129 2712 3211 erigat,

386 3248 461 3306 ut
503 3258 622 3304 nos
669 3240 967 3321 placatus
1011 3237 1255 3301 visites,
1747 3231 1858 3314 qui
1902 3229 2062 3295 sede
2108 3229 2408 3314 splendet
2451 3229 2717 3312 fulgida
2924 3233 3008 3296 20

383 3417 539 3500 Ipse
586 3436 729 3482 cum
773 3417 1013 3482 sanctis
1059 3418 1338 3500 angelis,
1601 3418 1641 3480 5
1746 3413 1872 3479 Hic
1911 3414 2119 3478 virtus
2164 3412 2307 3498 ejus
2351 3419 2642 3494 maneat,

386 3539 534 3585 cum
572 3519 799 3603 justis,
846 3538 991 3584 cum
1036 3521 1348 3604 apostolis
1747 3516 1857 3581 hic
1899 3516 2087 3581 firma
2129 3515 2367 3598 flagret
2411 3516 2680 3595 caritas,

384 3623 641 3688 illustra
687 3623 898 3688 locum
934 3624 1217 3707 jugiter,
1747 3619 1856 3686 mc
1899 3619 1985 3686 ad
2031 3620 2256 3685 salutis
2302 3617 2642 3685 commoda

387 3743 518 3808 quo
562 3743 734 3792 nunc
760 3731 1042 3789 -orantes
1089 3709 1401 3806 degimus,
1747 3724 1879 3787 suis
1924 3732 2227 3790 occurrat
2270 3719 2542 3788 famulis,

389 3900 911 3969 castissimorum
956 3905 1235 3969 omnium
1745 3905 2027 3973 Errores
2071 3923 2296 3971 omnes
2341 3906 2594 3971 auferat
2927 3907 3012 3969 25

390 4006 730 4072 doctorum
769 4027 848 4072 ac
890 4008 1268 4091 pontificum
1559 4008 1644 4072 16
1746 4025 2087 4090 vagosque
2132 4025 2361 4072 sensus
2407 4008 2698 4089 corrigat

387 4128 512 4194 pro
557 4113 744 4176 nobis
787 4131 1023 4196 preces
1068 4109 1356 4196 profluas
1747 4117 1814 4173 et
1859 4108 2099 4193 dirigat
2142 4110 2428 4191 vestigia

392 4212 670 4278 devotus
717 4213 880 4277 offer
919 4212 1176 4277 domino
1190 4262 1208 4296 ‚
1745 4219 1973 4277 nostra
2013 4212 2198 4296 pacis
2243 4211 2367 4296 per
2409 4212 2721 4291 sentium.

387 4389 657 4455 Hostem
703 4392 983 4474 repellat
1025 4399 1098 4457 ut
1143 4411 1389 4458 saevum
1746 4383 1945 4458 Lucis
1988 4391 2054 4454 in
2102 4410 2255 4457 arce
2300 4390 2551 4475 fulgida

391 4507 709 4575 opemque
756 4494 939 4576 pacis
985 4491 1226 4575 dirigat
1396 4501 1434 4514 ’·
1675 4541 1678 4544 -
1747 4494 1894 4558 haec
1937 4485 2127 4558 sacra
2170 4486 2416 4558 scribat
2459 4491 2743 4558 carmina
2923 4492 3012 4560 30

390 4599 459 4654 et
500 4603 723 4660 nostra
767 4597 955 4659 simul
1001 4604 1271 4679 pectora
1560 4597 1641 4661 15
1747 4606 2100 4681 nostraque
2144 4597 2334 4663 simul
2376 4598 2636 4662 nom‘ma

386 4693 555 4760 fides
599 4701 895 4778 perfecta
938 4701 1195 4764 muniat.
1578 4739 1579 4742 =
1745 4701 1815 4766 in
1858 4699 2026 4767 libro
2069 4701 2228 4767 vitae
2274 4709 2596 4767 conserat.
