3159 5259
180 442 404 508 Solius
448 439 597 504 inde
640 438 834 505 Judae
877 438 1055 504 licito

179 546 399 630 aptius
444 544 643 608 utitur
687 538 976 624 eloquin,

179 664 313 731 quo
360 645 481 710 sibi
527 642 851 708 Calvariae
893 642 1172 707 loculum

180 750 529 834 detegeret
575 767 769 815 cruce
814 748 1240 831 magnificum.

178 908 325 979 Nec
367 911 571 975 minus
616 910 717 973 his
757 927 1010 993 quoque
1033 908 1304 995 judaico
1351 911 1431 973 65

183 1014 434 1080 obstitit
475 1014 583 1077 ille
630 1012 850 1076 furens
895 1013 1135 1095 animo,

183 1137 311 1184 ceu
356 1115 478 1181 sibi
521 1132 649 1179 non
696 1134 777 1178 ea
819 1122 973 1178 nota
1016 1114 1260 1198 forent,

183 1221 433 1285 saecula
491 1238 638 1302 quae
680 1218 873 1283 modo
920 1228 1150 1285 cuncta
1195 1228 1434 1285 tenent.

184 1384 409 1451 Sensit
453 1393 521 1450 ut
566 1386 709 1450 haec
753 1385 1013 1469 sapiens
1061 1385 1346 1470 domina,

182 1489 360 1553 hunc
396 1487 617 1553 humili
659 1487 936 1571 positum
980 1488 1175 1551 fovea
1350 1491 1431 1557 ‘10

181 1593 342 1657 fecit
384 1593 472 1655 ibi
520 1591 692 1654 mala
736 1591 933 1673 digna
977 1592 1144 1674 pati,

314 1691 357 1732 ⁴¹*
399 1692 588 1777 (fehlt
631 1699 731 1759 ein
789 1692 993 1776 Veste.)

183 1860 411 1925 Orbita
457 1859 727 1943 septima
774 1858 929 1922 solis
973 1858 1083 1923 ubi

183 1983 256 2027 se
305 1962 504 2027 radiis
552 1963 870 2027 reseravit
914 1963 1011 2044 ei,

181 2069 347 2133 lucis
395 2085 613 2131 amore
659 2069 911 2149 cibique
957 2067 1244 2149 flagrans
1347 2069 1429 2130 ⁷5

180 2170 355 2235 misit
400 2168 484 2234 ad
529 2170 661 2233 alta
705 2188 940 2253 preces
986 2169 1326 2251 querulas:

181 2337 379 2423 „Jam
423 2337 580 2401 satis
628 2356 783 2402 ecce
829 2337 917 2401 lui
963 2336 1314 2419 scelerum,

176 2457 406 2525 quaeso
452 2438 593 2505 dari
637 2440 849 2503 veniae
894 2442 1203 2524 spatium,

178 2563 330 2626 quae
375 2543 593 2626 petitis
608 2592 627 2626 ‚
672 2544 1012 2607 manifesta
1057 2542 1257 2625 dabo,

174 2647 307 2712 hac
355 2666 515 2712 nece
559 2666 663 2710 me
707 2648 997 2712 relevate
1035 2642 1298 2711 modo!“
1346 2648 1430 2712 80

172 2810 340 2876 Post
386 2830 465 2874 ea
509 2810 681 2876 dicta
728 2829 951 2876 manus
987 2811 1301 2895 juvenum

173 2916 440 2979 funibus
487 2915 786 2980 exhibitis
831 2916 1135 2980 miserum

172 3019 457 3083 saecibus
505 3019 838 3102 eripiendo
883 3019 1001 3083 luti

174 3123 483 3205 exposuit
527 3141 723 3206 super
769 3141 886 3188 ora
933 3122 1075 3187 laci.

172 3285 478 3352 Praevius
521 3285 629 3349 ille
674 3284 884 3368 gradu
929 3285 1131 3351 celeri
1347 3287 1432 3352 85

174 3388 363 3451 venit
409 3387 493 3451 ad
537 3407 742 3471 usque
789 3388 1000 3453 locum
1047 3389 1287 3472 tumuli,

171 3509 451 3554 munera
498 3491 606 3572 qui
648 3490 1024 3554 veneranda
1069 3492 1279 3556 crucis

176 3593 408 3659 clausa
451 3594 584 3658 suis
629 3594 852 3659 habuit
896 3596 1183 3661 latebris.

171 3757 341 3825 Inde
388 3757 661 3822 viriliter
704 3759 999 3824 infodere

176 3862 382 3946 coepit
427 3861 491 3924 in
535 3862 665 3926 ima
706 3871 971 3947 patente
1017 3865 1269 3948 scrobe,
1352 3864 1435 3930 90

173 3966 469 4051 praetulit
514 3974 577 4030 et
623 3986 741 4031 sua
785 3976 941 4032 vota
984 3968 1140 4051 polo

179 4069 379 4133 dante
427 4067 621 4132 fidem
671 4070 922 4134 sibimet
968 4069 1241 4135 domiuo,

174 4232 429 4298 Enituit
474 4234 682 4298 crucis
729 4253 883 4300 ecce
931 4234 1129 4299 decus

180 4336 530 4403 candidula
571 4340 722 4402 nive
768 4338 1071 4424 lucidius,

2661 250 2790 316 135

1539 438 1692 503 binc
1735 437 1897 502 odor
1942 438 2077 502 exit
2121 439 2508 504 aromaticus
2702 440 2785 506 95

1538 547 1805 604 nectare
1849 539 2153 605 mellifluo
2200 541 2416 605 satius.

1538 700 1743 769 Forte
1789 705 1997 770 crucis
2041 704 2199 770 inibi
2243 707 2518 789 geminae

1540 821 1686 870 cum
1730 806 1915 870 simul
1957 805 2082 871 hac
2134 806 2389 871 fuerant
2434 808 2612 894 aliae,

1540 929 1686 974 cum
1733 907 1987 973 domino
2034 911 2261 992 quibus
2310 919 2461 975 ante
2505 913 2605 977 rei

1539 1030 1666 1095 pro
1707 1012 1949 1075 meritis
1995 1012 2250 1076 fuerant
2292 1014 2502 1097 positi.
2664 1016 2792 1080 100

1540 1172 1640 1240 De
1686 1177 1914 1257 quibus
1960 1176 2204 1239 exstitit
2249 1177 2650 1261 ambiguum,

1540 1299 1688 1361 quae
1733 1280 1903 1343 foret
1946 1280 2059 1344 illa
2104 1281 2319 1344 serens
2363 1280 2716 1365 dominum,

1540 1402 1683 1447 cum
1726 1383 2051 1466 perimens
2095 1383 2430 1447 moriendo
2474 1404 2702 1450 necem

1537 1487 1821 1549 restituit
1865 1486 2119 1568 superis
2162 1484 2498 1550 hominem.

1538 1654 1862 1719 Moenibus
1906 1655 2084 1719 urbis
2131 1662 2199 1718 at
2239 1654 2490 1718 interea
2743 1655 2788 1716 5

1536 1756 1780 1841 prodiit
1825 1757 2135 1821 exanimis
2181 1756 2406 1841 vidua,

1537 1880 1668 1924 non
1711 1862 1967 1924 minimo
2012 1860 2256 1945 populo
2295 1862 2528 1925 comite

1538 1966 2025 2029 commiserante
2073 1965 2261 2028 situm
2306 1965 2584 2029 miserae.

1537 2129 1839 2195 Substitit
1881 2137 2153 2211 utraque
2202 2131 2394 2195 turba
2437 2131 2616 2213 locu,

1536 2252 1816 2317 corpore
1861 2252 2004 2298 cum
2050 2235 2346 2298 crucibus
2390 2234 2638 2318 positu,
2707 2234 2787 2297 10

1533 2346 1605 2402 ut
1650 2357 1841 2402 sacra
1885 2357 2046 2402 crux
2091 2340 2304 2421 tetigit
2349 2338 2664 2421 gelidam,

1535 2442 1799 2525 spiritus
1842 2443 2012 2507 intus
2057 2443 2275 2508 alebat
2319 2462 2479 2508 eam.

1537 2605 1864 2672 Daemonis
1911 2615 1979 2672 at
2021 2625 2218 2691 super
2262 2608 2390 2674 hoc
2431 2609 2647 2674 rabies

1539 2716 1697 2775 aera
1741 2730 1907 2777 voce
1951 2714 2140 2796 gravi
2185 2714 2428 2778 feriens

1540 2824 1805 2900 questus
1851 2824 2010 2899 erat,
2058 2836 2246 2881 sacra
2293 2817 2464 2882 dona
2508 2818 2614 2883 dei
2704 2820 2786 2882 15

1540 2937 1687 2981 esse
1732 2927 1996 3003 reperta
2040 2920 2164 3003 piis
2211 2918 2450 2985 decori.

1538 3076 1783 3162 Arguit
1825 3080 1998 3144 hunc
2043 3080 2128 3143 ad
2172 3080 2282 3143 hi.
2318 3129 2331 3142 .
2363 3128 2377 3143 .
2407 3128 2423 3143 .
2470 3079 2743 3145 domitas

1532 3182 1674 3267 jam
1718 3181 1961 3245 solidus
2003 3182 2248 3265 pietate
2295 3180 2504 3246 Judas

1538 3293 2020 3365 tartareumque
2067 3284 2286 3349 subire
2331 3285 2532 3351 chaos

1529 3390 1756 3473 jussit,
1801 3397 1871 3453 ut
1914 3389 2255 3471 aufugeret
2300 3407 2593 3475 superos
2700 3392 2784 3455 20

1537 3555 1789 3620 Gaudia
1832 3555 2029 3638 plena
2074 3554 2309 3621 dehinc
2351 3559 2616 3642 populis

1537 3659 1785 3724 addidit
1830 3661 1971 3742 ipse
2017 3658 2148 3723 fide
2197 3662 2444 3725 stabilis
2457 3710 2474 3746 ‚

1539 3763 1834 3829 salvifico
1879 3764 2067 3828 simul
2113 3785 2266 3829 aere
2315 3764 2498 3848 dato,

1540 3886 1667 3950 quo
1712 3868 1926 3933 fuerat
1971 3887 2163 3935 sacra
2207 3869 2341 3933 fixa
2385 3886 2559 3941 caro,

1535 4031 1681 4097 Hoc
1723 4034 2000 4116 pretium
2044 4034 2237 4098 modo
2283 4033 2539 4098 divitias
2658 4035 2782 4098 125

1537 4136 1918 4218 omnigenas
1962 4137 2286 4201 hominum
2335 4155 2649 4220 superans

1534 4237 1790 4321 perfida
1834 4239 2035 4302 corda
2081 4240 2301 4301 surore
2337 4247 2531 4303 necat

1536 4350 1839 4426 astraque
1863 4340 2249 4408 christicolis
2269 4350 2535 4408 reserat.
2578 4365 2784 4412 amen.

360 4505 455 4559 lis.
489 4518 605 4559 von
640 4504 960 4561 Reichenau
996 4522 1065 4561 zu
1102 4500 1413 4562 Karlsruhe
1448 4508 1553 4564 No.
1589 4512 1707 4566 244.
1739 4510 1824 4565 Bl.
1844 4514 1926 4564 75.
1965 4524 2068 4564 aus
2104 4509 2228 4565 dem
2265 4513 2336 4566 10
2359 4510 2550 4569 Jahrb.
2588 4515 2784 4573 Dieses

183 4592 327 4650 Lied
361 4593 462 4647 bat
496 4591 754 4648 dasselbe
788 4593 1085 4649 Ver-smass
1136 4594 1245 4648 wie
1283 4595 1383 4649 der
1417 4596 1666 4668 Hymnus
1707 4597 1813 4652 auf
1838 4597 1927 4652 die
1965 4599 2017 4652 h.
2052 4598 2312 4670 Agatha,
2374 4602 2626 4659 welcher
2663 4605 2789 4659 dem

182 4684 241 4736 h.
278 4681 548 4736 Damasus
581 4681 1023 4753 zugesohrieben
1056 4681 1203 4738 wird
1248 4683 1473 4755 (Dmuiel
1505 4685 1554 4754 1,
1609 4685 1693 4754 9).
1760 4685 2094 4743 Prudentius
2137 4688 2484 4762 gebrauchte
2528 4707 2592 4747 es
2628 4691 2789 4765 auch,
