3159 5259
389 279 482 352 64

563 465 624 522 111
658 465 705 521 1)
741 461 941 539 folgen
973 462 1063 520 die
1098 463 1386 536 81.-10111100
1420 478 1493 518 so
1525 458 1923 517 011ίοί110111101·
1947 464 1996 532 1,
2024 463 2078 532 3,
2104 463 2153 516 5.
2188 463 2240 516 4.
2275 461 2392 518 0110
2427 461 2642 518 andern
2676 459 2891 520 fehlen.
2955 465 3020 521 1·

386 552 439 610 1³
475 555 526 622 1,
561 555 614 623 ’1,
648 554 700 622 3,
735 556 787 623 2,
823 553 875 622 6,
911 554 962 621 5,
998 554 1051 621 4,
1088 552 1136 619 8,
1174 554 1224 608 9.
1294 550 1356 606 111
1389 549 1440 605 Η
1480 552 1528 619 1,
1563 551 1616 618 2,
1653 551 1707 620 3,
1743 551 1795 619 6,
1830 552 1881 618 5,
1915 551 1970 619 4,
2005 552 2054 603 ’7.
2108 548 2212 604 Die
2248 549 2392 603 zwei
2428 550 2636 604 letzten
2671 547 2884 605 fehlen.
2955 552 3020 607 111

388 641 580 696 diesen
613 640 881 713 verlangt
917 641 1018 695 der
1050 637 1209 695 Reim
1243 655 1295 693 v.
1323 639 1393 691 ’13
1420 643 1656 692 matrem
1693 643 1860 708 atque
1886 633 2078 706 filium,
2114 636 2227 691 und
2254 652 2305 689 v.
2334 636 2417 690 81.
2452 636 2707 692 manibus
2733 638 3021 708 propriis.

387 728 503 784 Das
537 728 675 783 Lied
708 728 785 783 ist
817 728 1202 784 fiberarbeitet
1226 726 1339 781 und
1366 725 1659 781 erweitert
1685 725 1937 794 worden,
1974 743 2037 781 es
2064 723 2189 781 sind
2217 722 2356 778 aber
2381 723 2539 778 mehr
2561 723 3019 781 Bandschristen

386 814 621 887 nothig,
683 830 775 870 11111
822 815 913 869 die
959 812 1392 885 ursprdngliche
1439 810 1661 867 Gestalt
1694 811 1911 867 wieder
1945 830 2015 868 zu
2053 811 2370 880 erkennen,
2438 811 2584 868 deun
2619 811 2713 866 bei
2745 813 2856 868 den
2895 814 3020 870 Ab·

387 901 639 960 dn’icken
672 900 845 957 weiss
879 918 1008 957 man
1043 902 1146 957 das
1179 900 1344 958 Alter
1377 901 1492 956 und
1526 899 1618 954 die
1653 898 2104 956 Beschaffenheit
2136 900 2294 955 ihrer
2329 899 2566 968 Quellen
2597 900 2771 958 nicht.

562 1019 628 1075 V.
661 1022 747 1076 30.
801 1017 1044 1092 νηπιᾶζει
1078 1019 1149 1077 δι’
1186 1021 1283 1094 ἐμὲ
1320 1018 1353 1078 o‘
1388 1020 1640 1084 volutor·
1662 1019 1770 1076 τῶν
1805 1017 2037 1097 ἧμερῶν.
2091 1020 2253 1077 Febr.
2288 1024 2339 1076 2.

563 1107 630 1163 V.
665 1111 753 1164 41.
806 1106 1041 1178 vitrum,
1095 1109 1272 1164 daher
1306 1109 1487 1165 beisst
1517 1108 1699 1165 Maria
1736 1105 1987 1164 fenestra
2021 1109 2133 1164 und
2168 1108 2411 1164 vitreum
2445 1108 2757 1166 castellum.

568 1194 634 1252 V.
668 1199 737 1251 41
755 1229 819 1238 -
833 1198 917 1253 48.
979 1197 1160 1253 Maria
1194 1195 1419 1253 felicior
1454 1202 1624 1267 atque
1656 1195 1969 1252 mirabilior
2007 1192 2350 1251 fecunditate
2386 1195 2578 1251 addita
2595 1237 2609 1265 ,
2671 1196 3018 1269 integritate

386 1298 505 1339 11011
539 1284 777 1355 perdita.
831 1285 942 1340 hoc
989 1289 1104 1339 tam
1138 1284 1354 1357 grande
1388 1283 1716 1340 miraculum
1749 1284 1964 1339 malunt
1996 1283 2085 1338 illi
2117 1279 2305 1338 fictum
2340 1289 2541 1355 putare
2575 1301 2741 1356 quam
2777 1283 3014 1341 factum

386 1368 472 1424 ita
507 1369 565 1424 in
601 1370 864 1440 Christo,
916 1370 1140 1426 homine
1175 1378 1234 1428 et
1269 1372 1376 1428 deo
1396 1414 1411 1442 ,
1466 1372 1699 1429 credere
1736 1371 1997 1443 quoniam
2030 1387 2144 1426 non
2180 1377 2418 1440 possunt
2453 1373 2692 1427 humana
2713 1414 2728 1444 ,
2757 1378 3018 1428 contem·

386 1463 554 1527 nunt,
626 1459 887 1530 quoniam
937 1477 1052 1516 non
1109 1467 1349 1534 possunt
1401 1466 1760 1516 contemnere
1814 1460 2006 1515 divina
2024 1501 2040 1531 ,
2102 1471 2216 1515 non
2269 1456 2520 1513 credunt.
2626 1457 2683 1515 S.
2735 1461 3020 1530 Any-usuri

390 1560 559 1600 serm.
596 1546 716 1615 184,
755 1548 801 1599 1.

560 1633 630 1688 ·V.
672 1636 736 1687 51
776 1630 870 1705 fig.
927 1634 1091 1689 Diese
1145 1633 1592 1708 Gegenstellung
1644 1636 1847 1692 drr‘ickt
1893 1636 2105 1692 Cosmus
2147 1635 2335 1706 theog.
2374 1639 2443 1689 st.
2476 1635 2547 1688 26
2595 1650 2662 1688 so
2699 1651 2829 1690 aus:
2890 1631 3010 1712 <595

388 1715 662 1796 οὐρανὸν,
698 1719 761 1776 τὸ
798 1718 1090 1791 σπήλαιον,
1129 1719 1342 1796 θρόνον
1376 1722 1699 1800 χερουβικόν
1733 1722 1827 1797 τὴν
1860 1727 2175 1801 παρθένον,
2214 1721 2310 1794 τὴν
2347 1720 2551 1794 φάτνην
2586 1720 2828 1799 χώρων,
2866 1724 2930 1780 ἐν
2963 1714 3012 1797 ᾧ

388 1802 686 1878 ἆνεκλίνθη
715 1804 746 1864 ὅ
783 1804 1067 1884 ἀκόρητος
1101 1808 1363 1885 Χριστός.

572 1893 640 1948 V.
675 1896 759 1948 53.
794 1896 876 1948 54.
931 1896 989 1951 ἐν
1022 1893 1103 1967 τῷ
1139 1898 1386 1969 σπηλαίῳ
1422 1895 1786 1974 παρῴκησας,
1823 1892 1855 1953 ὅ
1893 1893 2127 1973 οὐρανὸν
2159 1896 2255 1953 τὸν
2287 1894 2501 1973 θρόνον
2533 1900 2690 1968 ἔχων.
2749 1900 2884 1954 Dee.
2922 1900 3012 1954 26.

568 1979 634 2035 V.
669 1983 755 2036 61.
791 1983 935 2049 Quid
972 1989 1076 2053 est,
1112 1985 1263 2055 quod
1298 1986 1591 2042 nascituro
1627 1986 1851 2042 domino
1888 1986 2119 2043 mundus
2156 1986 2509 2056 describitur,
2544 1986 2655 2043 nisi
2687 1986 2814 2055 hoc,
2849 1987 3013 2059 quod

392 2074 594 2139 aperte
628 2074 1000 2140 monstratur,
1065 2073 1196 2143 quia
1228 2071 1330 2128 1110
1365 2073 1632 2129 veniebat
1663 2074 1724 2128 in
1758 2090 1955 2143 carne,
2009 2074 2105 2144 qui
2139 2074 2354 2130 electos
2390 2090 2526 2129 suos
2562 2073 2917 2129 adscriberet
2948 2075 3012 2130 in

389 2156 750 2211 aternitate?
819 2158 1036 2229 Greqor.
1070 2160 1141 2215 Μ.
1177 2160 1321 2215 110111.
1357 2161 1415 2215 111
1452 2178 1537 2216 ev.
1576 2164 1625 2231 1,
1662 2162 1714 2231 8,
1751 2165 1797 2215 1.
1872 2115 2093 2218 Cosmus.
2128 2163 2328 2217 Hieros.
2377 2161 2566 2232 theog.
2601 2166 2671 2216 st.
2708 2162 2790 2216 14.
2840 2168 3010 2233 sag-t:

387 2239 448 2297 ἐν
483 2240 704 2305 δούλοις
737 2242 817 2316 τῷ
858 2250 1147 2322 Καίσαρος
1184 2235 1421 2323 δόγματι
1457 2244 1782 2325 ἀπεγράφης
1815 2248 2126 2321 nustria-ac,
2187 2252 2280 2304 καὶ
2322 2245 2559 2309 δούλους
2592 2243 2741 2322 ἡμᾶς
2776 2245 3012 2323 ἐχθρω

386 2334 483 2388 καὶ
519 2327 794 2409 ἁμαρτίας
829 2331 1241 2411 ἠλευθέρωσας.

562 2420 630 2475 V.
665 2423 749 2477 63.
803 2423 954 2478 Bene
990 2424 1048 2478 in
1086 2423 1413 2479 Bethlehem
1446 2423 1727 2494 nascitur,
1776 2423 2100 2479 Bethlehem
2136 2424 2341 2495 quippe
2392 2422 2584 2480 domus
2629 2421 2795 2493 panis
2828 2422 3013 2479 inter-

383 2513 660 2579 pretatur.
696 2511 819 2581 ipse
855 2526 1090 2582 namque
1127 2517 1244 2580 est,
1278 2510 1375 2582 qui
1411 2508 1517 2565 ait:
1582 2527 1693 2583 ego
1731 2527 1850 2566 sum
1887 2512 2049 2583 panis
2085 2512 2278 2581 vivus,
2315 2511 2412 2584 qui
2447 2511 2517 2565 de
2553 2509 2701 2566 coelo
2740 2509 3012 2566 descendi

387 2596 548 2667 (Joh.
586 2598 640 2667 6,
674 2599 789 2667 41),
864 2599 1081 2668 Greqor.
1117 2600 1188 2653 Μ.
1223 2599 1368 2653 hom.
1404 2597 1461 2652 111
1499 2613 1585 2653 ev.
1623 2600 1673 2667 1,
1710 2600 1761 2667 8,
1800 2601 1847 2654 1.

561 2684 627 2739 V.
664 2685 746 2740 84.
816 2685 1063 2741 voluisti.
1133 2686 1235 2741 Die
1291 2683 1402 2740 frei
1589 2702 1620 2739 e
1654 2684 2160 2759 Menschwerdung
2210 2685 2392 2740 heben
2446 2686 2590 2740 auch
2641 2684 2732 2741 die
2766 2683 3016 2740 Menam

386 2767 480 2827 oft
513 2773 740 2844 hervor,
777 2770 910 2828 ἑκὼν
944 2771 1192 2843 κατῆλθε
1235 2768 1268 2831 ὁ
1303 2769 1559 2845 ὕψιστος.
1629 2774 1774 2844 Aug.
1809 2772 1895 2826 28.

1247 3092 1372 3170 48.
1447 3095 1536 3167 ln
1593 3093 1806 3166 natali
1859 3092 2141 3165 domini.

382 3277 560 3345 Puer
601 3278 788 3344 nobis
831 3280 1149 3365 nascitur,
1747 3290 1814 3348 et
1857 3301 2097 3366 pueros
2141 3281 2380 3348 occidit

471 3388 692 3444 rector
736 3381 1148 3467 angelorum,
1831 3385 2114 3449 infantes
2159 3404 2307 3452 oum
2347 3385 2576 3450 livore.

381 3481 451 3548 in
495 3482 624 3548 hoc
666 3484 903 3550 mundo
948 3488 1237 3569 pascitur

471 3584 766 3651 dominus
811 3586 1227 3656 dominorum
1746 3549 1868 3631 Qui
1910 3559 2098 3616 natus
2143 3559 2244 3616 est
2288 3571 2372 3617 ex
2415 3550 2631 3618 Maria

1834 3654 1940 3719 die
1983 3653 2302 3719 hodierna
2315 3703 2332 3737 ,

382 3748 458 3819 In
504 3771 808 3838 praesepe
850 3756 1112 3840 ponitur
1594 3765 1633 3828 5
1745 3758 1941 3825 ducat
1989 3777 2111 3823 nos
2157 3776 2300 3825 cum
2344 3758 2558 3842 gratia
2925 3762 3014 3824 15

471 3856 593 3919 sub
636 3857 832 3922 foeno
877 3858 1199 3924 asinorum
1214 3909 1233 3943 ,
1831 3861 1917 3926 ad
1962 3859 2202 3945 gaudia
2245 3878 2547 3945 superna.

386 3968 839 4044 cognoverunt
882 3961 1204 4028 dominum
1746 4020 1801 4088 o
1954 4019 2023 4088 Α
2175 4018 2244 4087 Α
2398 4018 2453 4086 o

475 4060 800 4128 Christum
842 4083 1068 4148 regem
1112 4064 1436 4132 ooelorum'
1835 4029 1979 4191 gul
2023 4028 2430 4191 cztibugtin
2475 4124 2680 4191 choro

384 4221 556 4291 Hinc
598 4225 893 4295 Herodes
938 4232 1143 4297 timuit
1748 4250 1891 4297 cum
1935 4232 2202 4297 canticis
2249 4238 2314 4294 et
2359 4247 2611 4312 organo

475 4346 712 4411 magno
758 4352 902 4399 cnm
949 4333 1178 4401 dolore
1558 4336 1642 4401 10
1832 4336 2289 4404 benedicamus
2334 4335 2612 4401 domino.
2921 4334 3014 4399 20

524 4505 619 4569 Hs.
657 4514 758 4571 der
793 4516 1278 4579 Stadtbibliothek
1312 4537 1382 4576 zu
1421 4520 1586 4577 Trier
1623 4521 1727 4577 No.
1764 4524 1886 4580 724.
1919 4522 2021 4577 mit
2054 4521 2156 4577 der
2189 4521 2467 4591 Helodie,
2514 4521 2583 4575 15
2618 4519 2814 4576 Jahrb.
2886 4519 3010 4576 Der

382 4599 617 4749 Antianigs
649 4604 901 4749 erignzrt
934 4623 1008 4664 an
1034 4611 1139 4666 den
1165 4609 1428 4683 Eingang
1466 4609 1565 4666 der
1592 4610 1777 4670 Messe
1805 4608 1916 4666 auf
1933 4610 2306 4666 Weihnacht:
2360 4625 2500 4681 puer
2527 4613 2692 4664 natus
2719 4610 2810 4663 est
2835 4605 3012 4663 nobis

378 4703 490 4745 nac
621 4707 690 4747 01.
762 4733 777 4764 ,
851 4735 865 4749 .
