3159 5259
365 471 659 544 inquietus.
696 472 912 542 ὕπερον.
937 472 1008 527 Μ.
1045 471 1242 527 moral.
1281 473 1366 541 12,
1391 473 1441 527 4.
1474 471 1578 527 Die
1605 470 1882 528 Griechen
1916 486 2133 526 neuneu
2168 472 2323 529 dio-0
2357 470 2518 528 Rufio
2551 466 2585 542 ἦ
2613 470 2756 528 κατὰ
2795 473 3010 545 ψυχὴν

367 557 691 623 ἀνάπαυσις.
746 560 870 615 Jan.
906 563 955 615 4.
1027 561 1179 622 τέλος
1233 559 1349 615 ἐστι
1401 558 1725 633 θεοσεβείας
1769 553 1802 632 ἡ
1852 555 2032 623 ἀΐδιος
2068 556 2378 623 ἀνάπαυσις
2414 559 2470 617 ἐν
2508 557 2587 632 τῷ
2621 557 2763 632 θεᾷ.
2831 561 3009 616 Gk·-

365 650 519 706 Alex.
552 648 772 721 paedag.
810 651 860 717 1,
890 649 971 701 13.

962 982 1084 1055 67.
1161 982 1248 1053 Iu
1303 983 1819 1083 septuagesima
1872 982 2384 1081 (troparium).

414 1210 473 1272 1.
536 1203 884 1272 Cantemus
929 1208 1142 1273 cuncti
1186 1207 1509 1274 melodum

542 1328 711 1374 nunc
757 1310 1036 1394 alleluja.

410 1500 474 1565 2.
535 1497 611 1565 In
654 1497 950 1563 laudibus
995 1497 1222 1562 aeterni
1267 1496 1445 1579 regis

543 1603 691 1668 haec
732 1601 924 1687 plebs
967 1600 1238 1666 resultet
1281 1600 1453 1665 allel.

540 1739 687 1806 Hoc
717 1738 995 1822 denique
1025 1740 1320 1804 caelestes
1348 1738 1532 1806 chori
1579 1741 1619 1803 5

542 1850 805 1909 cantant
848 1843 914 1906 in
959 1843 1156 1907 alnun
1200 1843 1372 1907 allel.

414 2033 475 2098 3.
542 2029 686 2097 Hoc
728 2033 1064 2096 beatorum

542 2154 664 2220 per
706 2142 898 2219 prata
939 2133 1350 2219 paradisiaca

544 2237 783 2321 psallat
828 2244 1179 2302 concentus
1225 2236 1394 2301 allel.

544 2374 710 2452 Quin
756 2383 822 2439 et
866 2383 1187 2439 astrorum
1537 2377 1619 2440 10

540 2481 842 2546 micantia
886 2480 1223 2544 luminaria

539 2583 823 2667 jubilant
867 2584 1063 2647 altum
1109 2582 1276 2646 allel.

412 2775 474 2838 4.
542 2771 604 2837 N
607 2772 821 2838 ubium
866 2790 1092 2838 cursus
1111 2821 1127 2854 ,

542 2885 883 2942 ventorum
928 2879 1216 2960 volatus,

538 2981 867 3066 fulgurum
909 2984 1305 3065 coruscatio,
1539 2985 1620 3046 15

542 3095 612 3153 et
648 3088 993 3152 tonitruum
1038 3089 1283 3153 sonitus

543 3189 733 3255 dulce
779 3198 1135 3256 consonant

542 3295 729 3358 simul
773 3296 1055 3379 alleluja.

542 3428 811 3494 Fluctus
856 3439 923 3495 et
965 3431 1194 3513 undae,

539 3532 748 3597 imber
792 3540 859 3596 et
903 3534 1246 3617 procellae‚
1536 3535 1621 3598 20

542 3643 896 3719 tempestas
943 3645 1006 3701 et
1053 3638 1405 3720 serenitas,

543 3760 805 3824 cauma,
852 3743 1036 3827 gelu,
1084 3745 1225 3826 nix,
1268 3742 1550 3827 pruinae,

540 3848 776 3931 saltus,
823 3866 1088 3913 nemora

542 3960 835 4035 pangant
882 3952 1164 4036 alleluja.

411 4145 474 4207 5.
545 4140 711 4207 Hinc
756 4142 960 4207 variae
1006 4141 1310 4206 volucres
1537 4140 1621 4202 25

547 4254 907 4311 creatorem

539 4345 837 4412 laudibus
883 4349 1199 4414 concinite
1246 4364 1390 4413 cum
1434 4344 1539 4411 all.

542 4480 673 4549 Ast
714 4485 888 4550 illinc
932 4485 1369 4573 respondeant

543 4605 744 4654 voces
793 4591 945 4654 altae

540 4690 948 4762 diversarum
992 4694 1347 4763 bestiarum
1390 4693 1495 4762 all.
1533 4695 1619 4763 30

1768 1926 1830 1989 7.

1729 3870 1833 3934 1o.

1727 4592 1831 4656 11.

1896 1206 2094 1273 Istinc
2136 1190 2441 1269 montium

1897 1309 2057 1376 celsi
2100 1308 2383 1374 vertices

1895 1421 2128 1479 sonent
2172 1412 2455 1496 alleluja.

1894 1550 2080 1616 Illinc
2121 1548 2387 1613 vallium

1894 1652 2372 1740 profunditates

1897 1759 2136 1824 saltent
2180 1756 2460 1841 alleluja.

2905 1652 3000 1716 35

1902 1921 2000 1987 Tu
2045 1940 2299 2005 quoque
2343 1920 2541 1987 maris

1889 2024 2179 2110 jubilans
2225 2024 2464 2107 abysse
2511 2019 2617 2085 dic
2662 2016 2836 2084 allel.

1898 2164 2038 2229 Nec
2081 2181 2214 2230 nou
2257 2170 2577 2227 terrarum

1897 2268 2083 2332 molis
2133 2266 2591 2331 immensitates
2637 2261 2809 2328 allel.
2897 2262 2992 2325 4o

1902 2430 2088 2495 Nunc
2132 2447 2334 2515 omne·
2364 2445 2574 2512 genus

1896 2533 2240 2598 humanum
2286 2532 2560 2599 laudans

1900 2639 2144 2702 exultet
2192 2637 2473 2722 alleluja.

1897 2776 1984 2845 Et
2026 2778 2308 2841 creatori

1898 2888 2122 2962 grates
2167 2879 2585 2960 frequentans

1900 2997 2214 3054 consonet
2261 2986 2542 3070 alleluja,

2895 2878 2992 2941 45

1899 3152 2044 3219 Hoc
2089 3151 2364 3233 denique
2409 3168 2640 3215 nomen

1904 3256 2128 3323 audire
2165 3255 2415 3339 jugiter

1900 3360 2261 3425 delectatur
2305 3357 2584 3441 alleluja.

1899 3499 2042 3564 Hoc
2088 3498 2280 3562 etiam
2323 3516 2583 3563 carmen
2897 3499 2984 3562 50

1902 3604 2166 3667 caeleste
2211 3603 2593 3684 comprobat

1899 3704 2042 3788 ipse
2090 3702 2383 3768 Christus
2429 3700 2710 3785 alleluja.

1900 3868 2088 3933 Nunc
2131 3885 2252 3932 vos
2299 3886 2339 3931 o
2386 3868 2546 3932 socii

1903 3980 2160 4038 cantate
2204 3972 2503 4037 laetantes

1902 4075 2183 4159 alleluja.
2898 4076 2985 4138 55

1901 4208 1986 4277 Et
2032 4227 2152 4273 vos
2198 4207 2451 4293 pueruli

1898 4312 2291 4397 respondete
2338 4333 2596 4398 semper

1901 4417 2180 4501 alleluja.

1901 4587 2090 4653 Nunc
2134 4606 2356 4653 omnes
2401 4589 2615 4655 canite
2660 4589 2849 4655 simul

1899 4693 2167 4779 alleluja
2210 4694 2465 4761 domino
2479 4741 2504 4778 r
2895 4694 2982 4763 60
