3159 5259
333 270 466 341 192

439 456 603 523 Cum
645 465 793 523 tuus
839 457 1106 541 sanguis
1507 457 1588 521 10

430 560 543 645 jus
586 561 940 644 romphaeae

437 664 772 727 restrinxit
814 662 1159 744 flammeae,

436 766 727 850 paradisi
769 766 1002 849 pandis
1049 765 1324 847 hortum,

441 870 638 953 stirps
684 868 1102 951 obedientiae,

439 972 758 1037 medicina
804 972 1054 1054 gratiae.
1509 972 1588 1034 15

384 1244 397 1257 .
443 1191 605 1256 Haec
649 1190 788 1254 dies
834 1188 1073 1252 domini
1117 1186 1412 1269 celebriS,

439 1317 573 1381 pax
619 1304 720 1359 est
763 1295 828 1358 in
874 1292 1095 1374 terris,

440 1398 661 1481 fulgur
706 1395 931 1460 inferis

443 1510 509 1566 et
553 1502 664 1565 lux
707 1498 995 1583 superis3

437 1605 580 1669 dies
626 1604 898 1688 duplicis
942 1602 1243 1684 baptismi
1503 1599 1589 1663 2⁰

439 1708 607 1790 legis
654 1714 719 1770 et
763 1704 1106 1786 evangelii.

442 1864 738 1931 Christus
782 1861 1032 1946 pascha
1069 1868 1170 1924 est
1211 1859 1481 1925 homini:

441 1968 593 2031 dum
637 1974 824 2030 vetus
872 1964 1130 2044 transit,

440 2086 680 2134 novum
726 2068 950 2150 surgit.

442 2174 590 2238 haec
626 2173 766 2237 dies
803 2170 1071 2252 domini,
1505 2170 1588 2231 25

443 2276 658 2361 gaude
706 2296 885 2341 mens
931 2294 1172 2360 expers
1216 2274 1546 2357 fermenti,

443 2383 643 2468 plena
685 2383 876 2466 panis
922 2380 1128 2444 azimi.
1403 2368 1408 2373 ’

442 2601 813 2668 Submersis
855 2602 1181 2685 hostibus,

445 2708 717 2790 signatis
761 2707 1056 2791 postibus

446 2831 663 2876 assum
706 2811 957 2895 pascha
1507 2807 1592 2871 30

367 2982 374 2991 ,
443 2923 639 2981 nocte
685 2914 877 2979 domo
914 2911 1044 2979 una

434 3019 578 3104 jam
628 3038 772 3084 cum
815 3018 1086 3083 lactucis

446 3123 572 3188 ede
617 3123 1001 3206 agrestibus.

445 3275 782 3343 Accinctis
824 3278 1114 3360 renibus,

441 3382 684 3466 pellitis
719 3382 994 3464 pedibus
1504 3381 1589 3443 35

444 3503 589 3549 cnm
635 3486 870 3549 baculo

444 3606 751 3672 propera,
799 3595 865 3650 et
911 3595 1106 3670 caput

448 3708 594 3756 cum
637 3689 955 3755 intestinis

447 3803 514 3858 et
556 3792 832 3879 pedibus
876 3810 1058 3859 vora.

1796 452 1906 516 fac
1950 457 2018 515 et
2062 448 2296 532 dignos
2341 448 2475 515 hoc
2513 449 2831 531 mysterio
2846 499 2867 534 ,

1802 575 1983 619 mare
2028 572 2314 635 siccans,

1796 681 2160 751 Leviathan
2205 680 2549 765 perforans
2728 608 2801 692 ‘s

1798 785 2125 851 maxillam
2169 785 2361 853 hamo
2410 783 2678 851 armilla.
2864 788 2959 852 45

1800 950 2023 1017 calice
2056 969 2180 1017 nos
2228 951 2511 1033 inebria,

1798 1057 1977 1140 sopi,
2020 1055 2267 1119 suscita
2285 1103 2304 1137 ,

1798 1157 1885 1222 de
1927 1166 2219 1222 torrente
2263 1159 2495 1223 bibens
2539 1158 2604 1222 in
2640 1159 2748 1222 via

1799 1260 2033 1325 damna
2074 1269 2333 1344 nostra,

1797 1372 1869 1429 tu
1911 1365 2205 1448 pontifex
2240 1363 2484 1446 hostia,
2865 1366 2959 1429 50

1798 1467 2086 1532 torcular
2130 1468 2388 1532 calcans
2432 1476 2504 1533 tu
2548 1488 2691 1533 uva.

1741 1701 1755 1714 .
1805 1648 1856 1715 0
1899 1649 2023 1715 flos
2069 1652 2385 1734 virgineae

1798 1755 2041 1837 virgae,
2090 1755 2394 1837 fragrans
2726 1832 2731 1836 .

1798 1860 2000 1943 plena
2038 1860 2449 1944 septemplici
2486 1878 2674 1943 rore,

1799 1964 2050 2047 lampas
2068 1964 2240 2045 vino,
2260 1964 2433 2028 lacte
2451 1964 2807 2048 pulchrior,
2867 1966 2957 2027 55

1802 2068 2027 2153 specie
2068 2086 2243 2131 rosae
2290 2070 2523 2151 rubor,
2570 2069 2685 2131 lilii

1800 2172 2068 2256 candor,
2116 2191 2243 2257 quo
2288 2181 2356 2237 te
2403 2181 2603 2238 tantae

1802 2278 2160 2343 clementiae
2208 2277 2476 2342 consilio
2491 2326 2511 2362 ,

1799 2385 2209 2449 microcosmi
2251 2385 2692 2463 inclinaveras

1800 2494 2062 2574 auxilio,
2866 2494 2961 2556 60

1798 2603 1874 2661 ut
1914 2597 2166 2661 miseris
2208 2598 2543 2682 particeps
2575 2595 2960 2681 redemptor

1802 2719 1985 2764 esses
2032 2704 2278 2785 absque
2326 2702 2585 2786 peccati
2628 2718 2854 2785 naevo,

1804 2813 2071 2887 gestans
2118 2806 2463 2870 formulam
2498 2806 2843 2897 peccati?

1805 2969 1860 3036 Ο
1907 2973 2388 3056 consanguinee

1801 3076 1978 3139 servi
2022 3074 2305 3157 domine,
2870 3078 2958 3141 65

1802 3196 1957 3262 spes
2002 3184 2386 3243 anastaseos
2430 3177 2690 3263 primae,

1800 3282 2075 3367 ultimae,
2120 3299 2244 3366 per
2278 3282 2738 3367 jusjurandum
2776 3294 2785 3350 J

1799 3384 2027 3447 semini
2069 3380 2368 3449 Abrahae
2417 3384 2604 3450 firma
2646 3394 2715 3450 et
2756 3404 2916 3470 nos,

1802 3487 1935 3551 dux
1980 3480 2349 3572 ἀθάνατος,
2394 3507 2515 3554 nos

1800 3596 1913 3655 tuo
1962 3590 2426 3656 convivificans
2472 3593 2736 3675 corpori
2871 3594 2959 3658 70

1802 3702 2269 3777 commortuos3
2313 3690 2490 3760 Adae
2534 3695 2799 3779 parenti

1801 3799 2013 3863 veteri

1803 3908 1870 3966 tu
1907 3901 2209 3968 membris
2259 3901 2635 3968 fortioribus
2664 3901 2958 3986 jungens

1802 4006 2056 4072 infirma
2099 4009 2255 4073 vitae
2301 4017 2567 4073 aeternae

1811 4111 1930 4175 des
1971 4130 2249 4196 pascua,
2295 4120 2367 4177 tu
2406 4112 2675 4197 pascha.
2872 4115 2957 4175 ⁷5

342 4015 404 4078 5.
449 4012 592 4079 Hac
637 4012 742 4075 die
787 4029 907 4076 nos
951 4011 1134 4094 lava,
1182 4006 1461 4091 Christe,
1507 4009 1593 4072 40

450 4113 766 4180 mundans
812 4129 1054 4197 ysopo,

509 4319 907 4374 'Reichenauer
938 4316 1221 4389 Perg.-HS.
1240 4316 1344 4371 No.
1362 4317 1482 4369 209.
1518 4313 1602 4369 Bl.
1624 4316 1706 4367 11.
1734 4330 1836 4369 aus
1868 4314 1991 4369 dem
2023 4317 2092 4369 14
2107 4316 2301 4374 Jahrb.
2326 4317 2430 4372 mit
2456 4317 2643 4373 Noten
2663 4319 2794 4388 (A).
2838 4318 2960 4377 Das

343 4405 480 4461 Lied
517 4408 667 4462 steht
703 4414 864 4462 unter
900 4408 1006 4463 den
1044 4404 1456 4462 Notkerischen
1484 4402 1826 4474 Sequenzen.
1879 4403 1972 4458 Hs.
2001 4421 2071 4459 zu
2098 4404 2391 4477 Stuttgart
2417 4406 2671 4462 Breviar.
2707 4406 2811 4460 No.
2835 4408 2961 4461 123.

342 4491 384 4550 i:
422 4497 470 4547 ’7.
518 4495 619 4548 mit
655 4494 756 4549 der
791 4494 1062 4563 Melodie,
1114 4497 1182 4547 12
1217 4493 1412 4548 Jahrb.
1467 4491 1591 4562 (S).
1660 4491 1762 4549 Die
1797 4491 2054 4566 Sequpnz
2090 4495 2241 4550 wird
2277 4494 2401 4549 dem
2437 4495 2785 4551 Hel-mannus
2822 4511 2961 4552 con·

342 4586 562 4638 tractus
599 4597 714 4635 von
751 4581 1066 4637 Reicbenau
1102 4581 1558 4653 zugeschrieben.

520 4689 556 4741 3
612 4700 777 4741 eruce
829 4685 1098 4796 virtutum
1148 4688 1215 4747 A.
1312 4689 1346 4742 7
1400 4687 1599 4743 besser
1650 4686 1993 4745 medicinam.
2088 4689 2123 4745 8
2176 4686 2323 4747 fehlt
2374 4688 2434 4749 S.
2522 4691 2594 4747 18
2647 4686 2849 4765 fulgor
2899 4689 2963 4749 S.

2950 4972 3055 5017 s

2888 5016 2945 5045 ..uf
