3159 5259
2630 308 2766 377 125

140 493 312 563 Cum
352 493 586 559 lancea
629 491 1044 577 gravissima,
1508 492 1618 577 qui
1663 492 1854 558 diluis
1897 494 2156 579 piacula

234 615 364 680 qua
408 613 603 661 cruor
649 596 973 663 emanavit
1591 596 1659 661 in
1701 598 1950 682 pascha
1994 608 2429 667 consecratus.

140 721 294 769 cum
340 718 509 783 aqua
553 699 995 784 limpidissima
1009 746 1027 779 ‚

235 824 383 889 quae
425 820 546 868 nos
593 824 634 868 a
675 821 852 868 noxa
894 801 1072 868 lavit.
1505 758 1838 827 Extrassfis
1883 761 2033 829 hinc
2078 765 2411 830 claviculis

1595 866 1772 930 fuisti
1816 869 2136 933 resolutus

136 966 276 1039 Per
320 969 699 1052 sanguinem
742 968 1159 1034 sacerrimum
1317 968 1401 1031 25
1508 976 1577 1034 et
1619 969 1807 1033 lineis
1851 972 2211 1053 panniculis
2673 975 2762 1039 35

231 1072 466 1154 rigasti
509 1072 721 1136 crucis
764 1077 1016 1156 postem
1035 1116 1055 1153 ‚
1192 1110 1197 1117 -
1594 1073 1940 1156 dignanter
1981 1076 2321 1143 involutus.

146 1192 281 1260 quo
327 1173 643 1239 Zabulum
689 1175 1113 1258 asperrimum

231 1277 485 1342 necasti
526 1276 713 1342 nobIs
759 1276 1027 1339 hostem.
1502 1236 1634 1302 ΡῙὊ
1681 1239 1805 1303 ωἰῧ
1849 1240 2278 1323 funeralibusa

1593 1363 1739 1425 quae
1782 1341 2037 1428 ,Ioseph
2082 1346 2513 1428 comparavit,

138 1444 316 1512 Nam
362 1463 569 1527 agnus
614 1447 860 1526 absque
904 1444 1159 1510 macula
1505 1446 1810 1529 expensis
1856 1448 1965 1530 qui
2007 1449 2411 1530 magnalibus

230 1555 307 1612 tu
350 1565 423 1611 es
467 1546 958 1631 praefiguratus»,
1315 1547 1399 1611 30
1593 1552 1903 1634 exequias
1947 1554 2224 1635 paravit.
2669 1553 2758 1616 40

325 1718 395 1771 15
432 1722 490 1772 et
525 1714 668 1772 fehlt
702 1716 796 1775 ns.
865 1719 936 1771 22
970 1716 1169 1772 besser
1206 1730 1334 1786 quo.
1400 1719 1473 1771 27
1508 1717 1783 1773 Zabalum
1816 1718 1910 1775 Hs.
1981 1720 2052 1775 38
2089 1736 2232 1791 quos
2267 1721 2361 1777 Hs.

323 1819 388 1874 V.
427 1822 477 1875 6.
514 1822 751 1891 private,
788 1821 1065 1891 heimlich,
1102 1822 1235 1877 weil
1271 1823 1609 1878 Nicodemus
1644 1825 1858 1880 Nachts
1894 1843 1964 1880 zu
2000 1826 2258 1883 Christus
2295 1826 2437 1881 kam.
2483 1826 2608 1882 Joh.
2629 1826 2679 1895 3,
2697 1828 2760 1881 2.

326 1906 391 1961 V.
427 1911 577 1961 21-
596 1911 681 1964 24.
735 1914 913 1985 νυγεὶς
948 1910 1037 1965 ἐπὶ
1074 1915 1163 1966 σοὶ
1200 1910 1441 1987 πλευρὰν
1478 1909 1510 1967 o‘
1545 1919 1794 1984 κτίστης,
1849 1919 2079 1993 σταυρὲ,
2119 1917 2455 1980 ἐθελουσίως
2502 1916 2757 1993 &rupted-

146 2012 332 2069 μενος,
371 1993 506 2067 αιμα
544 2001 634 2051 καὶ
669 1995 819 2074 ὕδωρ
857 1994 1132 2074 ἀπογενοῖ,
1170 1996 1241 2053 δι’
1284 2019 1359 2055 ων
1386 1996 1820 2075 ἆνεπλάσθημεν.
1859 2004 2015 2075 Sept.
2055 2007 2135 2059 14.
2205 2004 2335 2059 Dies
2371 2003 2596 2061 bezieht
2632 2005 2753 2060 sich

142 2082 259 2141 anf
289 2083 378 2138 die
416 2082 593 2138 Tause
628 2085 740 2139 wie
777 2085 840 2139 V.
878 2088 963 2140 24.

324 2172 390 2226 V.
426 2174 509 2227 26.
566 2179 803 2244 postem,
840 2174 1062 2229 bezieht
1096 2174 1217 2230 sich
1254 2171 1361 2230 auf
1386 2174 1476 2229 die
1512 2174 1924 2248 Besprengung
1962 2178 2062 2234 der
2079 2178 2459 2251 Thiirpsosten
2495 2181 2595 2238 mit
2632 2182 2758 2237 dem

144 2257 488 2333 Opferblute
524 2278 632 2319 vor
669 2261 791 2317 dem
825 2263 1057 2335 Auszug
1094 2279 1196 2318 aus
1229 2264 1543 2335 Aegyptam
1605 2264 1776 2322 Exod.
1817 2270 1901 2336 12,
1936 2269 2020 2320 22.

1014 2545 1181 2621 100.
1241 2551 1341 2622 ad
1375 2550 1913 2649 completorium.

142 2710 263 2784 Ad
307 2713 536 2795 horam
580 2715 986 2798 completorii
1500 2722 1862 2786 salvantem
1908 2741 2114 2804 genus
2159 2721 2483 2787 hominum

231 2820 411 2883 fuisti
456 2819 834 2904 deportatus
1589 2827 1673 2890 ob
1716 2825 2059 2889 maximum
2104 2843 2402 2890 amorem.
2670 2828 2756 2891 20

144 2924 234 2990 ad
279 2942 543 3006 specum
586 2924 1038 3007 promontorii,

237 3027 476 3093 ibidem
520 3028 923 3114 tumulatus’.
1498 2986 1573 3053 In
1619 2994 1795 3050 terra
1840 2993 1993 3050 tunc
2038 2985 2476 3068 sanctissimae,

1586 3092 1876 3155 salvator
1919 3089 1964 3154 J
1967 3107 2080 3152 esu
2125 3091 2295 3153 bone
2315 3137 2333 3172 ,

144 3189 222 3260 ln
266 3190 544 3256 candido
590 3189 852 3256 sudario
1356 3194 1396 3255 5
1498 3201 1634 3258 tam
1673 3195 1962 3276 virgines
2009 3192 2386 3258 clarissimae

233 3293 531 3378 gratifice
578 3303 912 3377 consutus,
1587 3316 1778 3381 quam
1821 3297 2072 3361 nobiles
2116 3302 2428 3360 matronae

143 3405 440 3466 aromate·
484 3417 627 3462 cum
669 3398 853 3461 vario
2249 3460 2263 3475 ,
2299 3461 2311 3474 ,

234 3501 556 3585 oonffigne
601 3502 921 3571 delibutus
1498 3460 1828 3528 Sederunt
1870 3480 2015 3527 cum
2056 3468 2359 3525 moestma
2664 3460 2754 3523 25

939 3550 958 3586 ’
1587 3567 1681 3630 cis
1724 3572 1900 3628 tuum
1942 3571 2447 3648 monumentum,

138 3667 251 3737 Ex
293 3668 578 3753 myrrhae
620 3667 1066 3733 mixturamiue
1497 3669 1565 3735 in
1613 3668 1827 3734 cordis
1871 3670 2162 3735 amaritia

233 3791 316 3838 ac
358 3772 539 3836 aloes
584 3771 910 3855 conditus,
1313 3772 1395 3837 10
1582 3774 1927 3841 fundentes
1970 3775 2100 3841 heu
2142 3778 2492 3843 lamentum

140 3898 292 3947 cum
333 3878 572 3943 mundo
613 3877 985 3942 linteamine

231 3980 543 4047 decenter
585 3979 943 4044 investitus.
1501 3939 1663 4007 cum
1709 3940 1967 4007 ‘1⁰¹³an
2008 3942 2360 4008 sacerrima

1585 4046 1797 4111 Maria
1839 4046 2160 4129 gloriosa,
2555 4084 2564 4091 .
2660 4047 2752 4111 30

136 4145 311 4219 Hinc
353 4144 634 4231 lapidem
679 4143 978 4210 eximium
1497 4150 1811 4232 benigna,
1855 4150 2419 4234 praepulcerrima,

230 4251 530 4336 discipuli
569 4251 918 4316 volverunt
1584 4252 1954 4338 praedigna,
1998 4253 2456 4338 praeformosa,

134 4363 209 4425 et
250 4363 724 4421 monumentum
766 4355 1025 4420 nimium
1307 4355 1388 4419 15

221 4460 497 4528 firmiter
541 4463 1016 4526 obstruxerunt·
1496 4414 1657 4496 Quae
1708 4414 1964 4481 fletibus
2011 4415 2346 4498 rigaverat

1382 4596 1391 4613 .
1582 4518 1713 4582 heu
1755 4518 2137 4600 virginalem
2180 4518 2426 4583 vultum

129 4624 532 4708 Plangentes
576 4643 758 4690 suum
805 4622 1153 4725 dominum
1494 4619 1942 4706 gemendoque
1988 4621 2355 4705 spiraverat
2657 4623 2748 4686 35

220 4735 321 4812 te,
362 4727 582 4795 mundi
621 4726 1133 4813 redemptorem,
1581 4722 1881 4790 continue
1923 4723 2288 4809 singultum.
