3159 5259
207 496 411 565 Salve
456 503 768 586 splendor
809 508 1128 591 paradisi,

205 601 272 666 in
318 622 445 686 qno
491 610 698 672 saneti
743 620 891 676 sunt
934 613 1196 695 confisi,

201 708 314 790 qui
357 714 424 771 te
466 711 779 795 perdunt,
825 723 975 779 sunt
1017 715 1245 800 derisi,

287 830 450 878 vere
493 814 903 881 stolidissimi.

196 985 402 1054 Salve
443 989 644 1075 ἄθεα,
681 1014 804 1061 rex
847 997 1158 1080 ooelestis,

195 1090 564 1174 unffi-agam
608 1096 796 1161 nobis
839 1099 1116 1181 mestis,

194 1191 304 1257 fao
347 1202 418 1258 ut
458 1197 692 1278 procul
737 1200 941 1262 omnis
985 1201 1223 1284 pestiS,

279 1297 456 1381 pelle
500 1316 691 1363 casus
737 1318 1027 1383 asperos.

188 1472 394 1539 Salve
436 1473 631 1558 Jesu,
676 1476 823 1541 fons
867 1479 1093 1544 salutis
1107 1528 1125 1564 ‚

189 1577 277 1641 da
311 1578 621 1661 juvamen
666 1579 1020 1664 destitutis,

188 1681 373 1746 aufer
399 1683 633 1767 jugum
670 1685 1022 1768 servitutis,

270 1785 378 1851 fao
420 1802 541 1851 nos
584 1806 744 1851 vere
786 1789 1048 1853 liberos.
1109 1832 1115 1839 ›

182 1963 385 2030 Salve
428 1966 623 2050 Jesn,
666 1975 896 2053 portus
941 1969 1116 2053 vitae,

181 2069 291 2134 fao
332 2071 627 2136 vivamus
673 2074 812 2136 sine
858 2073 1002 2155 lite,

181 2173 590 2238 consolemur
631 2175 700 2239 in
742 2182 810 2239 te
854 2176 989 2239 vite

263 2293 523 2361 semper
567 2278 706 2342 sine
754 2278 1039 2343 erimine.

178 2455 381 2524 Salve
423 2457 617 2542 Jesu‚
662 2461 972 2544 princeps
1008 2460 1224 2544 pacis,
1319 2541 1323 2545 ⁴

169 2566 243 2625 tu
285 2560 395 2642 qui
436 2562 610 2627 bona
655 2570 892 2627 cuncta
935 2561 1131 2646 facis,

174 2659 407 2725 ductor
448 2662 672 2743 populi
716 2663 1005 2744 veracis,

261 2782 450 2846 quem
493 2764 764 2828 salvasti
806 2765 1138 2847 sanguine.

171 2936 374 3003 Salve
420 2938 610 3020 ἄθεα,
657 2939 901 3003 candor
945 2939 1141 3021 Ιαθίε,

171 3043 472 3107 thronum
517 3051 745 3106 tenens
791 3041 1018 3105 summi
1061 3041 1263 3123 ducis,

166 3145 284 3229 qui
329 3162 401 3208 es
445 3163 680 3228 passus
724 3162 954 3229 poenas
1000 3145 1248 3225 crucis,

257 3248 446 3313 nobis
490 3249 579 3311 sis
623 3248 962 3332 propitius,

160 3425 370 3493 Salve
416 3427 599 3511 Jesu‚
644 3427 756 3493 lux
799 3428 1161 3512 praeclara,

169 3534 280 3614 qui
320 3531 656 3615 pendebas
702 3531 913 3596 erucis
962 3552 1114 3614 ara,

165 3637 234 3699 in
280 3654 407 3718 qna
449 3654 679 3719 passus
731 3655 802 3699 es
848 3656 1072 3701 amara

253 3745 433 3801 stans
475 3739 542 3801 in
587 3757 782 3804 eruce
827 3739 1102 3804 saucius.

165 3901 366 3969 Salve
409 3906 603 3989 ἄθεα,
651 3908 796 3971 fons
842 3911 1156 3992 signatuS,

164 4006 371 4070 duleis
415 4015 635 4089 natus,
680 4009 1090 4093 vulneratus,

164 4111 275 4194 qui
319 4109 591 4175 salutem
635 4118 946 4193 operatus

253 4231 326 4276 es
370 4212 436 4275 in
480 4220 675 4276 terrae
720 4213 951 4278 medio.

167 4374 369 4441 Salve
415 4376 606 4461 ἄθεα,
653 4377 884 4444 doctor
926 4399 1117 4469 vere,

166 4498 288 4545 nos
334 4488 548 4564 tuere,
593 4481 699 4545 fae
741 4483 1085 4567 languere,

163 4594 277 4653 tuo
322 4589 638 4670 sanguine
681 4588 941 4654 fervere

252 4692 490 4756 amoris
535 4691 856 4758 incendio.

1567 513 1771 582 Salve
1814 519 2013 610 ἄθεα,
2057 548 2253 595 verus
2298 535 2519 620 panis,

1565 621 1753 684 bonis
1800 623 2051 693 dandus
2095 631 2494 721 christianis,

1374 719 1455 780 15
1561 738 1692 785 non
1736 723 1979 791 insanis
2023 750 2147 796 nee
2189 736 2519 821 profanis,

1649 826 1770 890 sed
1813 848 1974 894 vere
2020 832 2370 919 discipulis.

1558 997 1762 1067 Salve
1808 1005 2001 1093 ἄθεα,
2048 1032 2169 1077 rex
2214 1017 2558 1105 colendus,

1557 1105 1985 1191 extollendus,
2030 1116 2433 1183 reverendus
2446 1168 2465 1201 ,

1554 1210 1627 1269 tu
1670 1209 1779 1289 qui
1822 1228 2081 1294 semper
2125 1235 2198 1279 es
2243 1217 2585 1288 habendus

1359 1305 1445 1368 20
1642 1327 1861 1374 eoram
1903 1318 2135 1381 mentis
2180 1322 2406 1388 oculis.

1551 1486 1755 1554 Salve
1797 1491 1989 1579 ἄθεα,
2032 1501 2222 1581 panis
2268 1503 2490 1589 vivus,

1548 1596 1643 1678 pii
1686 1597 1901 1662 cordis
1946 1604 2361 1689 accensivns,

1548 1704 1722 1763 totus
1759 1722 1833 1765 es
1877 1703 2373 1774 inflammativus

1635 1808 1702 1864 et
1747 1807 1983 1868 amoris
2029 1808 2342 1872 stimulus.

1352 1972 1438 2035 25
1545 1976 1749 2045 Salve
1791 1981 1985 2066 ἄθεα,
2032 1986 2220 2050 fortis
2264 1990 2485 2071 gigas,

1545 2084 1655 2165 qui
1696 2082 1949 2166 piorum
1994 2087 2196 2152 corda
2239 2090 2454 2171 rigam,

1539 2188 1913 2269 passionem
1958 2191 2140 2254 cordi
2186 2191 2353 2273 figas
2368 2241 2387 2276 ,

1628 2308 1757 2372 qua
1805 2293 2097 2358 salvatur
2139 2296 2439 2378 populus.

1537 2465 1740 2533 Salve
1783 2468 1981 2553 ἄθεα,
2025 2473 2139 2537 lux
2182 2473 2477 2559 fontalis,

1342 2561 1429 2626 30
1536 2591 1734 2637 verus
1779 2572 1941 2638 dens
1988 2576 2350 2660 aeternaIiS,
2441 2590 2447 2596 “
2560 2588 2571 2599 “

1535 2674 1645 2741 fao
1689 2685 1760 2741 ut
1803 2697 2032 2743 serves
2075 2698 2197 2745 nos
2242 2701 2284 2746 a
2325 2681 2514 2748 malis

1620 2778 1689 2840 in
1733 2778 1839 2843 die
1877 2780 2125 2863 Judioii.

1533 2951 1737 3018 Salve
1780 2954 1976 3041 ἄθεα,
2020 2978 2212 3024 manu
2256 2960 2473 3043 fortiS,

1532 3056 1643 3136 qui
1685 3055 1918 3121 inferni
1962 3059 2186 3123 fractis
2222 3061 2432 3141 portis

1337 3142 1422 3206 35
1531 3158 1721 3221 salva
1764 3177 1885 3222 nos
1930 3160 2014 3224 de
2059 3181 2256 3243 poena
2300 3162 2527 3226 mortis

1616 3263 1847 3325 aeterni
1893 3263 2208 3347 supplicii.

1527 3444 1730 3511 Salve
1775 3445 1971 3530 ἄθεα,
2018 3446 2150 3511 dux
2187 3448 2437 3530 suavis,

1527 3558 1672 3614 esto
1716 3558 1943 3633 portus
1991 3558 2235 3614 nostrae
2282 3550 2501 3633 naviS,

1525 3659 1597 3716 tu
1641 3671 1712 3715 es
1759 3651 1971 3716 David
2013 3652 2125 3715 illa
2172 3652 2410 3734 olaviS,

1329 3741 1415 3805 40
1612 3773 1759 3835 quae
1803 3753 2052 3818 claudis
2099 3762 2167 3818 et
2211 3755 2445 3837 aperis.

1525 3914 1727 3981 Salve
1773 3916 1967 3999 ἄθεα,
2015 3917 2220 3981 duleis
2266 3923 2469 3997 totns,

1525 4020 1773 4085 eunetis
1820 4020 2062 4083 sanetis
2106 4036 2238 4081 non
2281 4018 2576 4101 ignotus,

1523 4140 1685 4184 vere
1730 4121 1932 4201 cibus,
1976 4139 2136 4182 vere
2181 4128 2405 4202 Ροῐαε,

1615 4223 1723 4306 qui
1767 4221 1885 4287 das
1930 4223 2130 4287 vitam
2172 4223 2443 4286 miseris.

1331 4382 1417 4446 45
1525 4384 1731 4451 Salve
1773 4385 1968 4463 ἄθεα,
2011 4386 2125 4449 lux
2169 4386 2417 4468 divina,

1527 4488 1615 4552 ad
1660 4495 1726 4551 te
1769 4494 2061 4550 nostrum
2100 4505 2214 4551 cor
2257 4487 2515 4572 inclina,

1530 4598 1676 4655 esto
1722 4591 1908 4655 nobis
1953 4590 2301 4673 medicina,

1617 4692 1826 4757 virtus
1870 4699 1938 4759 et
1979 4691 2295 4762 solatium.

2741 643 2830 709 50

2726 1227 2817 1295 55

2716 1811 2809 1877 60

2706 2479 2797 2542 65

2695 3062 2789 3127 ’10

2691 3655 2791 3719 ‘15

2690 4226 2783 4292 80
