3159 5259
387 256 524 324 im

384 445 592 514 Dulce
635 447 870 513 vulnus
897 447 1219 528 ⁴latei-alo,

385 549 555 615 inter
598 547 813 612 fontes
856 550 1098 615 nullum
1134 549 1269 612 tale

474 657 702 737 nectar
745 666 1017 733 usquam
1059 649 1311 733 poculi3

387 770 538 833 ave,
575 753 773 833 salve,
816 755 1043 835 glande,
1087 752 1228 818 vale

393 866 624 922 contra
667 866 990 918 venenum
1033 853 1274 917 lethale

476 957 875 1023 medicamen
921 957 1164 1041 populi.
1563 958 1646 1023 60

391 1110 596 1180 Salve
638 1113 872 1177 vulnus
917 1113 1169 1177 dextrae
1213 1130 1459 1196 manuS‚

389 1217 571 1281 velut
611 1215 852 1282 Phison
896 1219 1076 1282 rivus
1119 1218 1354 1301 planus

480 1319 730 1382 miseris
776 1321 1134 1384 scaturiens
1149 1368 1168 1403 ,

394 1422 569 1506 quod
611 1422 885 1488 Judaeus
929 1423 1343 1507 inhumanus,

389 1526 769 1592 inhonestus
814 1534 882 1590 et
924 1527 1187 1591 insanus
1564 1528 1646 1590 65

480 1630 671 1710 fodit,
719 1630 908 1694 deum
953 1632 1283 1694 nesciens:
1465 1616 1472 1619 ἢ

398 1783 493 1848 Te
539 1783 763 1867 adoro,
811 1793 874 1850 te
920 1785 1204 1867 honore,

399 1893 469 1950 te
513 1887 787 1969 inquire,
833 1894 899 1950 te
944 1888 1201 1970 inploro

486 2007 614 2073 ego
661 1990 856 2054 miser
897 1992 1212 2073 moriens,

394 2099 468 2157 ut
509 2094 577 2156 in
624 2093 1043 2158 contritorum
1090 2093 1324 2175 choro,
1564 2095 1648 2158 ’10

394 2195 461 2259 in
507 2212 634 2279 quo
680 2195 1005 2279 sperando
1050 2196 1302 2279 labore,

482 2316 807 2381 nunquam
851 2297 968 2361 sim
1011 2296 1343 2363 deficiens.

390 2450 546 2521 Ave
590 2455 679 2518 mi
722 2454 982 2520 sinistra
1027 2453 1299 2538 Christi,

391 2557 733 2642 perforata
776 2578 923 2641 quae
967 2559 1143 2623 fuisti

484 2661 673 2727 clavo
718 2661 1238 2746 praedurissimo:
1563 2664 1602 2727 7
1608 2665 1646 2725 5

391 2764 577 2828 velut
621 2764 812 2849 Gyon
857 2763 1140 2829 effudisti

391 2866 603 2931 rivum
646 2873 842 2949 tuum,
891 2884 1018 2949 quo
1064 2866 1281 2931 lavisti

485 2989 608 3036 nos
652 2990 693 3035 a
734 2972 962 3037 morbo
996 2971 1298 3056 pessimo.

394 3126 492 3192 Te
538 3145 580 3193 o
622 3128 856 3193 vulnus
903 3126 1247 3193 adoramus
1265 3174 1283 3211 ,

395 3231 515 3295 tibi
560 3239 755 3314 caput
798 3232 1178 3297 inclinamus
1559 3233 1647 3298 80

485 3340 556 3398 ut
599 3335 761 3398 fonti
800 3334 1199 3400 dulcissimo:

391 3455 518 3521 per
561 3444 627 3500 te
671 3436 820 3519 fiat,
865 3444 937 3501 ut
979 3439 1311 3503 vincamus

392 3538 620 3607 hostes
666 3547 735 3604 et
776 3546 848 3604 ut
892 3540 1289 3623 gaudeamus

482 3642 550 3707 in
593 3642 699 3707 die
743 3645 1112 3711 novissimo.
1600 3700 1605 3703 .

357 3830 360 3833 ι
395 3783 599 3852 Salve
643 3787 877 3853 vulnus
922 3787 1137 3854 dextri
1178 3791 1366 3876 pedis
1379 3840 1398 3876 ,
1564 3796 1651 3860 85

393 3897 468 3956 tu
513 3891 763 3955 cruoris
809 3891 1021 3956 rivum
1065 3892 1206 3957 edis

487 3993 680 4078 Tigri,
713 3996 1185 4080 conparabilis:

392 4118 517 4183 per
562 4099 733 4164 hunc
775 4098 985 4165 rivum
1020 4099 1214 4167 homo
1259 4101 1438 4175 redis

395 4201 483 4266 ad
529 4221 830 4288 supernae
876 4205 1127 4271 culmen
1172 4207 1347 4274 sedis
1366 4257 1386 4293 ‚

484 4304 594 4369 ubi
638 4323 771 4388 pax
817 4315 918 4372 est
961 4310 1229 4375 stabilis.
1567 4314 1650 4379 90

392 4439 525 4506 Per
569 4441 696 4508 hoc
739 4445 972 4512 vulnus
990 4497 1008 4531 ,
1054 4449 1182 4516 hoc
1225 4451 1519 4518 foramen

391 4542 561 4608 fudit
603 4549 855 4611 cruoris
897 4550 1179 4619 h'bamen

482 4648 645 4716 deus
678 4651 1105 4736 inpassibilis:

1559 446 1643 508 55
1747 440 1934 507 nobis
1984 454 2243 523 semper
2287 436 2371 503 sit
2413 435 2701 501 solamen

1751 541 1911 606 illud
1953 540 2189 605 vulnus
2239 547 2306 602 et
2344 545 2663 619 tutamen,
2934 538 3022 602 ⁹5

1840 643 1988 708 dum
2032 659 2207 707 mors
2252 639 2440 705 adest
2480 638 2734 703 flebilis.

1710 805 1718 821 ‘
1748 799 1939 871 Laevi
1981 799 2171 885 pedis
2214 797 2531 883 perforati

1754 924 1879 969 ave
1922 904 2185 985 vulnus,
2230 904 2297 966 in
2343 919 2471 985 quo
2514 901 2654 986 pati

1841 1005 2002 1070 deus
2046 1004 2239 1067 homo
2283 1003 2524 1067 voluit:
2640 1048 2643 1051 -

1754 1106 2238 1195 conparandum
2285 1124 2356 1170 es
2403 1105 2752 1189 Euphrati,

1752 1235 1875 1300 per
1918 1223 1986 1280 te
2030 1232 2245 1279 sumus
2289 1212 2548 1277 liberati

1838 1334 1990 1399 noS,
2036 1332 2200 1397 quos
2245 1317 2470 1379 umbra
2519 1314 2739 1379 tenuit.

1752 1471 1957 1536 Dulce
2002 1471 2236 1536 vulnus
2251 1520 2268 1554 ,
2316 1470 2520 1536 dulcis
2566 1472 2793 1537 clavus

1755 1584 1823 1641 et
1865 1577 2115 1642 cruoris
2162 1575 2369 1642 dulcis
2413 1576 2602 1641 favus

1839 1699 1961 1764 per
2006 1678 2165 1743 illud
2211 1680 2536 1762 efferbuit,
2973 1684 3014 1744 5

1753 1803 1875 1867 per
1920 1790 1985 1845 te
2029 1791 2331 1866 resurgat
2375 1785 2685 1866 ignavu3,

1753 1884 2131 1951 emendetur
2176 1886 2368 1950 homo
2412 1905 2675 1971 pravus,

1842 1990 1911 2054 in
1955 1997 2019 2054 te
2067 1990 2175 2073 qui
2216 2009 2399 2074 spem
2446 1990 2684 2055 habuit.

1757 2145 1811 2210 Ο
1856 2146 2098 2229 Maria,
2142 2148 2393 2239 plasma
2436 2148 2602 2230 nati,

1754 2269 1897 2317 cum
1939 2251 2159 2315 vidisti
2201 2259 2419 2325 natum
2463 2252 2633 2336 pati,
2932 2252 3019 2316 10

1842 2354 1982 2436 quis
2026 2360 2093 2417 te
2138 2351 2326 2417 dolor
2370 2353 2624 2418 tenuit?

1752 2473 1882 2520 non
1927 2463 2029 2519 est
2071 2454 2199 2520 hoc
2242 2454 2620 2519 humanitati

1752 2560 1922 2625 scire
1968 2558 2186 2624 datum
2212 2561 2426 2644 nequi
2475 2558 2642 2642 vati,

1837 2663 2053 2728 nullus
2096 2664 2287 2729 homo
2330 2664 2560 2748 potuit.

2880 1108 3021 1173 100

1751 2817 1902 2885 Prae
1948 2818 2175 2884 dolore
2219 2819 2590 2904 perforetur
2720 2828 2727 2831 *
2935 2821 3023 2885 15

1751 2942 1936 2987 mens
1980 2943 2125 2988 mea
2160 2931 2229 2989 et
2274 2923 2628 3006 crucietur,

1702 3098 1707 3107 Ἰ
1841 3045 1989 3108 quae
2036 3024 2327 3091 dolorem
2374 3026 2605 3089 meruit
2621 3072 2639 3107 ‚

1754 3149 1837 3193 ne
1882 3128 1949 3191 in
1993 3126 2123 3190 fine
2168 3125 2714 3210 condempnetur,

1700 3296 1707 3303 .
1754 3231 1874 3297 sed
1917 3252 2038 3317 per
2080 3249 2308 3316 poenas
2347 3230 2742 3315 emendetur,

1842 3337 1992 3419 quia
2036 3336 2216 3402 carni
2259 3336 2493 3420 paruit.
2930 3336 3019 3400 20

1755 3486 2090 3554 Johannes
2136 3488 2572 3571 evangelista,

1756 3599 1827 3657 tu
1871 3593 2139 3657 sacrarii
2183 3592 2487 3674 sacrista,

1841 3697 1908 3763 in
1953 3714 2079 3778 quo
2127 3694 2428 3761 Christus
2465 3696 2710 3780 jacuit,
2786 3710 2795 3715 ”

1754 3819 1839 3864 ne
1882 3797 2152 3863 mundus
2196 3799 2382 3863 fallat
2424 3799 2748 3882 sophista,

1752 3925 1878 3991 per
1930 3912 1993 3969 te
2036 3906 2191 3971 mihi
2237 3906 2427 3972 detur
2468 3908 2626 3989 ista,
2928 3910 3021 3975 2⁵

1841 4011 2039 4076 menti
2084 4029 2229 4093 quae
2272 4020 2386 4077 tua
2427 4012 2690 4096 placuit.

1756 4147 1852 4213 Te
1894 4149 2147 4231 inquiro
2190 4170 2312 4235 per
2357 4151 2528 4217 hunc
2572 4150 2824 4234 fletum,

1754 4271 1876 4336 per
1924 4250 2213 4316 dolorem
2259 4261 2327 4318 et
2368 4273 2492 4338 per
2534 4261 2808 4335 metum,

1841 4370 1968 4437 quo
2015 4371 2130 4419 cor
2171 4361 2348 4419 tuum
2393 4355 2689 4439 tremuit,

1753 4476 1899 4524 cum
1942 4456 2205 4522 videres
2250 4457 2437 4524 deum
2484 4468 2771 4543 spretum
2789 4508 2808 4544 ,
2927 4461 3021 4528 30

1753 4569 1825 4629 ut
1867 4580 1970 4626 me
2014 4562 2214 4629 ducas
2260 4563 2346 4629 ad
2390 4565 2569 4630 hunc
2623 4572 2896 4648 coetum,

1841 4686 2030 4751 quem
2074 4668 2370 4736 Christus
2416 4669 2674 4754 eripuit.
