3159 5259
356 311 495 376 29⁴·

360 495 567 563 Salve
610 504 829 580 potus,
874 513 994 577 per
1037 499 1105 557 te
1147 493 1321 559 lotus

361 608 468 665 est
513 619 552 664 a
596 597 790 661 sorde
834 595 1110 660 mundus
1151 604 1356 680 totus,
1530 600 1615 662 30

363 702 476 785 qui
519 700 603 764 de
646 698 884 764 mundo
927 698 1115 764 fluxit
1158 698 1388 779 corde,

361 810 438 868 ut
472 802 727 868 lavaret
771 819 892 865 nos
939 822 979 865 a
1024 800 1237 864 sorde.

363 900 421 967 0
456 903 688 984 Maria,
727 918 849 984 pro
885 920 988 964 me
1027 899 1356 965 Christum

365 1023 488 1071 ora
530 1008 670 1089 pia,
716 1014 942 1089 potum
983 1005 1174 1068 istum

453 1107 605 1173 dnm
648 1125 972 1191 praesumo
1018 1125 1289 1170 sumere.
1532 1104 1617 1166 35

1720 491 1924 559 Salve
1966 493 2060 557 fili
2103 491 2208 556 dei
2251 491 2417 574 vivi,

1723 615 1862 660 sum
1907 595 2182 678 adeptus
2195 641 2213 675 ,
2259 593 2436 675 quod
2480 593 2730 683 cupivi,

1719 705 1873 782 post
1916 695 2088 768 hanc
2130 698 2328 761 vitam
2373 698 2499 762 isto
2540 697 2712 764 dono

1718 808 1848 865 tam
1894 800 2141 867 salubri
2183 807 2441 882 tamque
2486 802 2661 867 hono

1719 903 1835 967 tibi
1880 901 2005 967 deo
2051 903 2468 986 co...nitnm,
2888 906 2985 969 40

1722 1011 1949 1069 contra
1986 1005 2239 1068 hostem
2276 1005 2709 1071 conmunitum

1807 1106 1917 1170 fac
1958 1125 2062 1169 me
2109 1115 2320 1171 tecum
2362 1108 2610 1171 vivere.

542 1299 638 1356 Hs.
686 1317 757 1355 zu
802 1301 1001 1357 mainz.
1047 1301 1189 1372 Aug.
1226 1300 1333 1355 No.
1369 1301 1491 1355 439.
1538 1298 1627 1355 131.
1676 1301 1761 1357 28.
1813 1301 1913 1356 des
1950 1304 2019 1355 15
2053 1302 2248 1357 Jahrb.
2319 1302 2421 1357 Die
2460 1303 2723 1358 cursiven
2756 1301 2982 1359 Stellen

365 1386 496 1444 sind
529 1402 631 1443 aus
668 1387 777 1443 (len
814 1387 1049 1442 Liedern
1087 1387 1186 1442 des
1222 1387 1275 1442 h.
1313 1388 1594 1442 Bernhart
1640 1385 1751 1443 auf
1784 1388 1876 1443 die
1921 1388 2189 1444 Wunden
2228 1389 2438 1447 Christi
2486 1389 2752 1445 entlehnt.
2821 1389 2995 1445 orie·

365 1473 596 1529 chische
634 1473 836 1529 Lieder
883 1490 983 1529 zur
1019 1474 1385 1532 communion
1429 1490 1546 1531 von
1581 1476 1810 1532 Simeon
1845 1475 2258 1547 metaphrastes
2307 1476 2506 1532 stehen
2552 1476 2611 1532 in
2661 1477 2769 1533 den
2803 1476 2983 1534 Poe'toe

363 1564 528 1630 φησι·
561 1565 761 1616 veteres
793 1560 855 1629 11,
893 1562 1013 1615 753.

551 1700 620 1752 17
653 1697 841 1754 Liicke
877 1697 934 1752 in
971 1696 1072 1753 der
1105 1696 1201 1752 Hs.
1270 1698 1343 1751 40
1378 1697 1752 1768 desgleichen.

1017 2003 1189 2077 230.
1261 2001 1516 2076 Oratio
1566 2015 1731 2103 post
1776 2005 2353 2077 communionem.

366 2200 422 2269 0
466 2202 513 2270 J
515 2221 634 2268 esu
677 2203 1075 2289 dulcissime,

450 2311 635 2379 cibus
679 2311 980 2376 salutaris
994 2358 1013 2395 ,

363 2414 478 2499 qui
520 2416 617 2481 sic
659 2422 727 2480 te
769 2417 1060 2482 tribuere

451 2517 672 2583 intime
716 2518 1041 2603 dignaris;

363 2617 542 2684 mala
591 2637 740 2685 mea
781 2619 1072 2704 deprime
1576 2622 1616 2683 5

453 2718 713 2786 fletibus
757 2720 994 2785 amaris

367 2826 440 2887 et
482 2820 755 2885 affectus
800 2821 1074 2906 inprime
1093 2869 1112 2905 ,

455 2922 688 3005 quibus
724 2921 1088 2991 delectaris,

367 3104 426 3172 0
470 3106 635 3175 Jesu
676 3109 905 3175 vivens
949 3111 1190 3196 hostia,

447 3209 650 3296 placa
690 3213 1131 3300 majestatem,
1536 3215 1617 3279 10

366 3315 756 3378 sacramenti
802 3318 1016 3399 gratia

454 3416 683 3478 confer
727 3419 1096 3502 sanitatem,

1723 2209 2035 2295 pauperis
2080 2210 2441 2277 substantia

1813 2312 1899 2376 da
1943 2313 2372 2376 aeternitatem

1724 2421 1794 2479 et
1835 2421 1947 2479 tua
1988 2414 2343 2496 praesentia
2893 2413 2987 2477 15

1810 2514 1965 2580 fove
2009 2515 2364 2581 caritatem.

1723 2702 2097 2772 vanitatem
2140 2723 2457 2789 spernere

1810 2808 1918 2872 fac
1960 2827 2064 2872 me
2108 2808 2508 2890 consolator,

1722 2909 1977 2973 hostem
2022 2906 2219 2972 dona'
2236 2910 2536 2991 vincere,

1810 3010 2069 3076 Christe
2112 3019 2561 3096 propugnator
2575 3058 2594 3095 ,
2886 3010 2979 3073 20

1724 3120 1810 3198 et,
1856 3113 2030 3195 quod
2074 3112 2292 3196 doces,
2339 3112 2644 3195 credere,

1812 3213 2069 3280 Christe
2112 3222 2489 3299 reparator,

1720 3337 1844 3401 per
1890 3325 1953 3381 te
2000 3315 2257 3381 tandem
2301 3334 2573 3382 cernere

1812 3419 1927 3503 da,
1972 3428 2435 3486 remunerator.

541 3606 930 3666 Reichenauer
964 3611 1221 3683 Papefls.
1255 3613 1360 3670 No.
1400 3614 1518 3667 156.
1556 3616 1625 3668 15
1659 3614 1853 3670 Jahn-h.

539 3743 592 3797 3.
628 3740 678 3799 4.
714 3742 798 3799 sic
833 3744 1027 3801 intime
1065 3747 1316 3805 tribuere
1352 3751 1402 3807 d.
1436 3751 1532 3810 112
1605 3755 1672 3808 15
1706 3758 1769 3811 tu
1803 3751 1842 3809 f.
1878 3759 1976 3811 tua
2008 3753 2103 3812 Rs.
2159 3757 2228 3812 18
2261 3773 2348 3813 me
2386 3754 2532 3813 fehlt
2562 3756 2657 3815 Rs.
2710 3758 2781 3817 23
2810 3758 2980 3815 deum

361 3822 409 3883 f.
442 3828 666 3885 tandem
701 3830 920 3888 scheint
952 3834 1058 3889 mir
1093 3835 1302 3895 besser.

572 4165 749 4242 231.
799 4165 1224 4244 Exhortatio
1270 4174 1515 4247 animae
1560 4172 1652 4246 ad
1704 4174 2114 4248 sumendum
2165 4201 2425 4278 corpus
2478 4177 2764 4251 Christi.

346 4356 480 4443 Eja
522 4377 564 4426 o
615 4359 821 4429 dulcis
875 4367 1105 4452 anima,

446 4480 489 4526 o
535 4480 725 4528 soror
768 4487 915 4533 mea
957 4490 1142 4559 cara,

358 4572 474 4629 tuo
519 4564 937 4637 devotissima

431 4666 584 4749 jam
627 4687 870 4755 sponso
911 4674 1152 4742 lectum
1194 4682 1397 4764 paral
1485 4770 1496 4777 .

1716 4375 2054 4461 Hospitem
2096 4377 2495 4445 mitissimum
2927 4381 2981 4443 5-

1795 4478 1938 4562 jam
1982 4479 2112 4542 eris
2156 4489 2543 4565 susceptura
2558 4527 2579 4565 ,

1718 4578 1894 4661 quod
1936 4580 2002 4643 in
2046 4582 2227 4647 coelis
2273 4584 2583 4671 optimum

1805 4688 1939 4767 est,
1984 4685 2115 4750 eris
2158 4695 2532 4774 acceptura.
