3159 5259
2721 235 2851 303 145

405 381 607 437 Neben
644 381 744 438 der
776 383 1123 483 mystiselien
1156 387 1490 463 Auslegung
1527 394 1628 451 der
1664 395 2067 472 Kreuzgestalt
2119 406 2271 479 (νεί.
2302 407 2409 466 Νο.
2452 412 2571 482 108,
2605 416 2849 488 21-26)

217 471 325 526 liat
357 485 492 526 man
526 471 673 526 auch
714 471 1151 542 geschichthche
1192 475 1587 554 Beziehungen
1639 484 1747 541 auf
1772 487 1863 543 die
1898 489 2097 547 beiden
2133 493 2484 554 Testamente
2521 501 2691 559 demit
2724 519 2852 561 ver-

215 557 465 614 bunden.
535 557 752 626 Nobis,
787 560 883 629 qui
918 559 991 613 ad
1026 565 1294 616 aeternam
1329 568 1570 634 patriam
1616 572 1906 645 tendimus,
1942 577 2227 650 scriptura
2262 599 2428 641 sacra
2462 603 2567 659 per
2602 597 2845 660 quatuor

213 662 355 702 ms
393 642 575 700 facies
609 660 766 700 mare
803 649 906 712 est,
942 661 1069 745 quae
1104 663 1326 704 erucem
1360 657 1668 728 annuntiat,
1705 661 1837 732 quia
1869 679 1975 718 nos
2014 666 2087 722 ad
2116 673 2325 726 terram
2351 673 2656 732 viventium
2682 678 2844 751 ligno

215 737 434 806 portat.
510 732 728 802 Gregor.
765 732 834 785 M.
870 731 1015 786 hom.
1051 750 1108 788 m
1144 734 1340 792 Ezech.
1381 742 1429 810 1,
1466 742 1516 811 6,
1556 747 1638 800 13.
1685 746 1825 804 Men.
1861 750 2016 822 Sept.
2057 755 2140 809 14.

434 815 617 895 Ἱερῶς
651 818 1106 894 προστοιβάζεται
1802 845 2105 914 μυστηρίου
2140 862 2336 914 σ’κηνης

435 901 470 958 ὁ
507 902 839 979 τετραμερὴς
1799 937 2199 1005 σταυροτύποις

435 992 588 1088 λῗός,
621 991 1034 1096 πρῗηγοῦμενῡε·
1798 1018 1986 1086 τάξεσι
2021 1023 2366 1097 πλαζόμενος.

433 1099 536 1150 της
572 1080 630 1136 ἐν
668 1100 819 1153 ww

395 1218 467 1273 V.
504 1220 554 1275 5.
590 1220 639 1273 6.
709 1220 772 1275 σὲ
808 1217 980 1275 ὅπλον
1014 1215 1254 1296 ἆῤῥαγές
1290 1215 1402 1270 κατ’
1439 1210 1673 1290 ἐχθρῶν
1708 1214 2159 1288 προβαλλόμεθα.
2213 1219 2368 1291 Sept
2407 1225 2488 1280 14.

392 1305 462 1360 V.
498 1307 548 1361 9.
601 1305 1034 1374 circumstantia,
1073 1305 1163 1360 die
1200 1302 1434 1370 Gestalt‚
1472 1302 1571 1356 der
1609 1299 1866 1373 Umfang.

389 1394 460 1450 V.
492 1395 578 1450 28.
627 1394 771 1465 ligni
796 1410 899 1465 per
924 1394 1206 1461 virtutem,
1233 1390 1369 1446 weil
1387 1389 1487 1445 das
1517 1390 1702 1444 Kreuz
1730 1388 1819 1443 die
1850 1392 1999 1461 virqa
2022 1398 2263 1465 potentioe
2289 1395 2377 1450 ist
2413 1396 2520 1454 No.
2541 1398 2660 1468 108,
2678 1400 2762 1455 34.
2782 1401 2830 1456 8.

388 1482 455 1537 V.
492 1484 720 1536 31-325.
757 1481 850 1537 δὶα
886 1479 1132 1558 σταυροῦ
1168 1476 1483 1552 ὕψώθημεν
1510 1473 1623 1532 ἀπὸ
1651 1475 1753 1553 γῆς
1788 1475 1933 1550 πρὸς
1959 1478 2208 1557 οὐράνια.
2248 1483 2461 1538 Grelser
2486 1500 2613 1556 opp.
2641 1487 2693 1556 3,
2712 1488 2833 1543 285.

209 1569 382 1626 meso
423 1569 642 1626 Stellen
679 1569 1000 1625 verweisen
1036 1567 1142 1625 auf
1167 1569 1295 1625 Joh.
1336 1569 1421 1634 12,
1456 1569 1526 1621 32
1564 1565 1651 1621 als
1686 1565 1808 1620 ihre
1845 1566 2058 1633 Quelle.
2111 1569 2168 1625 S.
2203 1569 2309 1625 No.
2351 1571 2473 1642 107,
2510 1574 2592 1626 42.
2662 1573 2832 1631 Dieso

207 1657 543 1730 Beziehnng
609 1658 805 1713 wurde
859 1657 1173 1713 besonders
1226 1658 1285 1712 in
1340 1658 1445 1710 den
1498 1655 1736 1710 Liedern
1790 1653 1896 1710 auf
1940 1656 2423 1730 Kreuzerhohung
2474 1660 2832 1732 angewandt.

214 1746 373 1818 Sept.
415 1747 500 1801 14.
572 1747 774 1822 σταυρὲ
810 1743 1203 1819 πανσεβάσμιε,
1241 1742 1483 1820 σήμερον
1519 1740 1836 1814 ύψούμενος
1872 1745 2013 1816 θείῳ
2043 1743 2280 1817 νεύματι,
2318 1741 2551 1819 &impote
2570 1745 2831 1811 ἅπαντας.

212 1834 348 1891 ibid.
390 1833 463 1889 δι’
502 1825 570 1889 οὗ
603 1830 716 1889 ἀπὸ
743 1831 849 1909 γῆς
885 1830 1151 1909 ἧρθημεν.

430 2184 601 2260 111.
655 2186 986 2286 Hymnus
1040 2187 1114 2258 in
1168 2184 1588 2258 exaltatione
1650 2183 1764 2256 vel
1805 2185 2204 2257 inventione
2258 2209 2312 2257 s.
2367 2186 2615 2258 erucis.

645 2397 847 2463 Salve
894 2416 1055 2463 crux
1101 2407 1355 2482 sancta,
1402 2400 1585 2464 salve
1633 2400 1847 2465 mundi
1886 2400 2135 2484 gloria,

638 2524 801 2568 vera
844 2521 998 2588 spes
1042 2511 1285 2588 nostra,
1330 2524 1494 2570 vera
1539 2505 1761 2569 ferens
1805 2504 2082 2588 gaudia,

631 2611 884 2692 signum
928 2609 1183 2693 salutis,
1229 2609 1405 2674 salus
1449 2609 1515 2672 in
1558 2610 1898 2695 periculis,

639 2714 837 2777 vitale
881 2712 1125 2795 lignum
1172 2712 1371 2776 vitam
1415 2719 1692 2797 portans
1737 2716 2031 2780 omnium.

630 2867 724 2934 Te
770 2868 1199 2951 adorandam,
1246 2876 1312 2934 te
1358 2887 1616 2934 crucem
1661 2868 2019 2955 vivificam,
2762 2876 2801 2937 5

635 2976 702 3040 in
745 2982 811 3038 te
856 2971 1193 3056 redempti,
1243 2971 1432 3038 dulce
1479 2972 1680 3038 decus
1725 2975 1967 3059 saeculi,

630 3097 890 3162 semper
933 3074 1290 3158 laudamus,
1335 3076 1451 3140 tibi
1494 3094 1754 3161 semper
1800 3077 2104 3161 canimus,

626 3202 748 3266 per
790 3183 1036 3264 lignum
1083 3180 1273 3259 servi,
1321 3199 1443 3265 per
1486 3188 1553 3245 te
1598 3182 1844 3264 lignum
1889 3182 2096 3248 liberi.

624 3343 956 3428 originale
1000 3343 1243 3408 crimen
1287 3361 1530 3408 necans
1573 3343 1641 3408 in
1686 3363 1884 3410 oruoe

623 3467 745 3515 nos
792 3470 831 3514 a
874 3449 1165 3534 privatis,
1213 3446 1488 3531 Clu-iste,
1532 3449 1773 3514 munda
1815 3450 2116 3534 maculis,
2716 3452 2798 3516 10

624 3554 1039 3620 humilitatem
1085 3555 1424 3620 miseratus
1469 3555 1770 3640 fragilem

624 3679 746 3744 per
791 3678 1050 3725 crucem
1095 3667 1384 3726 sanctam
1428 3661 1631 3745 lapsis
1679 3660 1868 3727 dona.

622 3822 939 3908 Protege‚
985 3824 1199 3908 salva,
1243 3824 1547 3908 benedic,
1593 3823 1890 3891 salvifica

616 3928 925 4014 populum
969 3935 1267 3993 ounotum
1312 3929 1523 3994 erucis
1569 3949 1692 4014 per
1738 3929 2135 4012 signaculum
2159 3977 2177 4013 ,

617 4035 879 4097 morbos
924 4041 1153 4096 averte
1198 4034 1493 4116 corporis
1538 4041 1608 4098 et
1642 4034 1902 4118 animae,
2702 4033 2785 4096 15

619 4136 748 4203 hoo
792 4142 1018 4202 eontra
1062 4134 1315 4218 signum
1358 4137 1600 4202 nullum
1648 4143 1778 4202 stet
1819 4138 2193 4222 periculum.

614 4293 716 4363 Sit
765 4296 890 4361 deo
932 4296 1106 4380 patri
1148 4296 1293 4362 laus
1336 4297 1405 4361 in
1448 4316 1645 4363 eruce
1693 4297 1839 4381 filii,

617 4400 703 4464 sit
747 4402 1098 4483 coaequalis
1140 4400 1284 4466 laus
1327 4410 1554 4468 sancto
1599 4402 1853 4487 spiritui
1870 4449 1889 4484 ,

614 4503 863 4569 civibus
908 4506 1166 4570 summis
1202 4505 1504 4590 gaudium
1550 4508 1636 4572 sit
1680 4507 1929 4589 angelis
1942 4553 1960 4589 ,

539 4625 548 4628 ·
614 4607 824 4672 honor
865 4607 932 4673 in
975 4610 1212 4677 mundo
1257 4611 1342 4678 sit
1385 4612 1597 4679 oruois
1638 4611 1942 4678 inventio.
2693 4613 2779 4677 20

346 4743 527 4796 Hono,
555 4739 725 4791 mein.
756 4739 1003 4798 Hymnen.
1054 4740 1096 4791 Ι.
2267 4717 2355 4783 10
