<?xml version="1.0" encoding="UTF-8"?>
<!DOCTYPE html PUBLIC "-//W3C//DTD XHTML 1.0 Transitional//EN"
    "http://www.w3.org/TR/xhtml1/DTD/xhtml1-transitional.dtd">
<html xmlns="http://www.w3.org/1999/xhtml" xml:lang="en" lang="en">
 <head>
  <title>
</title>
<meta http-equiv="Content-Type" content="text/html;charset=utf-8" />
  <meta name='ocr-system' content='tesseract 3.04.00' />
  <meta name='ocr-capabilities' content='ocr_page ocr_carea ocr_par ocr_line ocrx_word'/>
</head>
<body>
  <div class='ocr_page' id='page_1' title='image "./lateinischehymn00unkngoog_0416.png"; bbox 0 0 3159 5259; ppageno 0'>
   <div class='ocr_carea' id='block_1_1' title="bbox 394 465 3090 2854">
    <p class='ocr_par' dir='ltr' id='par_1_1' title="bbox 394 465 2670 558">
     <span class='ocr_line' id='line_1_1' title="bbox 394 465 2670 558; baseline -0.008 -11"><span class='ocrx_word' id='word_1_1' title='bbox 394 479 451 549; x_wconf 78' lang='grc'>0</span> <span class='ocrx_word' id='word_1_2' title='bbox 496 480 554 544; x_wconf 71' lang='lat' dir='ltr'>ni</span> <span class='ocrx_word' id='word_1_3' title='bbox 595 499 681 544; x_wconf 84' lang='lat' dir='ltr'>ex</span> <span class='ocrx_word' id='word_1_4' title='bbox 725 475 929 544; x_wconf 90' lang='lat' dir='ltr'>corde</span> <span class='ocrx_word' id='word_1_5' title='bbox 970 473 1297 558; x_wconf 72' lang='lat' dir='ltr'>intellegis</span> <span class='ocrx_word' id='word_1_6' title='bbox 1312 520 1331 556; x_wconf 89' lang='lat'>,</span> <span class='ocrx_word' id='word_1_7' title='bbox 1755 468 2093 535; x_wconf 75' lang='lat' dir='ltr'>Terribilis</span> <span class='ocrx_word' id='word_1_8' title='bbox 2139 465 2438 532; x_wconf 73' lang='lat' dir='ltr'>Christus</span> <span class='ocrx_word' id='word_1_9' title='bbox 2485 467 2670 530; x_wconf 82' lang='lat' dir='ltr'>venit</span> 
     </span>
    </p>

    <p class='ocr_par' dir='ltr' id='par_1_2' title="bbox 396 569 2657 669">
     <span class='ocr_line' id='line_1_2' title="bbox 396 569 2657 669; baseline -0.008 -19"><span class='ocrx_word' id='word_1_10' title='bbox 396 605 545 669; x_wconf 82' lang='lat' dir='ltr'>quae</span> <span class='ocrx_word' id='word_1_11' title='bbox 587 589 926 668; x_wconf 71' lang='lat' dir='ltr'>praecepta</span> <span class='ocrx_word' id='word_1_12' title='bbox 970 581 1137 663; x_wconf 80' lang='lat' dir='ltr'>legis</span> <span class='ocrx_word' id='word_1_13' title='bbox 1183 587 1330 643; x_wconf 84' lang='lat' dir='ltr'>sunt</span> <span class='ocrx_word' id='word_1_14' title='bbox 1345 626 1362 661; x_wconf 96' lang='lat'>,</span> <span class='ocrx_word' id='word_1_15' title='bbox 1422 585 1430 594; x_wconf 90' lang='grc'><strong><em>’</em></strong></span> <span class='ocrx_word' id='word_1_16' title='bbox 1758 571 1845 636; x_wconf 83' lang='lat' dir='ltr'>ad</span> <span class='ocrx_word' id='word_1_17' title='bbox 1879 569 2302 653; x_wconf 84' lang='lat' dir='ltr'>judicandum</span> <span class='ocrx_word' id='word_1_18' title='bbox 2351 569 2657 652; x_wconf 87' lang='lat' dir='ltr'>populum</span> 
     </span>
    </p>

    <p class='ocr_par' dir='ltr' id='par_1_3' title="bbox 396 667 3090 875">
     <span class='ocr_line' id='line_1_3' title="bbox 397 667 3090 765; baseline -0.008 -15"><span class='ocrx_word' id='word_1_19' title='bbox 397 686 519 750; x_wconf 75' lang='lat' dir='ltr'>‘sed</span> <span class='ocrx_word' id='word_1_20' title='bbox 560 684 685 764; x_wconf 82' lang='lat' dir='ltr'>illi,</span> <span class='ocrx_word' id='word_1_21' title='bbox 732 683 842 765; x_wconf 88' lang='lat' dir='ltr'>qui</span> <span class='ocrx_word' id='word_1_22' title='bbox 885 681 1288 762; x_wconf 79' lang='lat' dir='ltr'><strong>adulterant,</strong></span> <span class='ocrx_word' id='word_1_23' title='bbox 1569 677 1651 739; x_wconf 84' lang='lat'>55</span> <span class='ocrx_word' id='word_1_24' title='bbox 1757 679 1825 736; x_wconf 88' lang='lat' dir='ltr'>et</span> <span class='ocrx_word' id='word_1_25' title='bbox 1867 673 2010 754; x_wconf 83' lang='lat' dir='ltr'>ipse</span> <span class='ocrx_word' id='word_1_26' title='bbox 2054 667 2271 734; x_wconf 82' lang='lat' dir='ltr'>reddit</span> <span class='ocrx_word' id='word_1_27' title='bbox 2307 669 2576 751; x_wconf 83' lang='lat' dir='ltr'>singulis</span> <span class='ocrx_word' id='word_1_28' title='bbox 2999 667 3090 729; x_wconf 76' lang='lat'>75</span> 
     </span>
     <span class='ocr_line' id='line_1_4' title="bbox 396 770 2542 875; baseline -0.01 -19"><span class='ocrx_word' id='word_1_29' title='bbox 396 789 721 875; x_wconf 78' lang='lat' dir='ltr'>lapidibus</span> <span class='ocrx_word' id='word_1_30' title='bbox 764 787 1167 871; x_wconf 80' lang='lat' dir='ltr'>subjaceant.</span> <span class='ocrx_word' id='word_1_31' title='bbox 1280 849 1290 860; x_wconf 72' lang='grc'><strong><em>,</em></strong></span> <span class='ocrx_word' id='word_1_32' title='bbox 1757 770 2112 839; x_wconf 81' lang='lat' dir='ltr'>secundum</span> <span class='ocrx_word' id='word_1_33' title='bbox 2157 790 2277 838; x_wconf 84' lang='lat' dir='ltr'>sua</span> <span class='ocrx_word' id='word_1_34' title='bbox 2321 789 2542 855; x_wconf 87' lang='lat' dir='ltr'>opera.</span> 
     </span>
    </p>

    <p class='ocr_par' dir='ltr' id='par_1_4' title="bbox 399 960 2794 1045">
     <span class='ocr_line' id='line_1_5' title="bbox 399 960 2794 1045; baseline -0.007 0"><span class='ocrx_word' id='word_1_35' title='bbox 399 975 530 1045; x_wconf 89' lang='lat' dir='ltr'>Per</span> <span class='ocrx_word' id='word_1_36' title='bbox 574 977 968 1042; x_wconf 85' lang='lat' dir='ltr'>salvatorem</span> <span class='ocrx_word' id='word_1_37' title='bbox 1010 974 1243 1038; x_wconf 87' lang='lat' dir='ltr'>iterum</span> <span class='ocrx_word' id='word_1_38' title='bbox 1758 963 1955 1029; x_wconf 88' lang='lat' dir='ltr'>Venit</span> <span class='ocrx_word' id='word_1_39' title='bbox 2004 961 2299 1027; x_wconf 80' lang='lat' dir='ltr'>Christus</span> <span class='ocrx_word' id='word_1_40' title='bbox 2345 961 2430 1026; x_wconf 85' lang='lat' dir='ltr'>ad</span> <span class='ocrx_word' id='word_1_41' title='bbox 2465 960 2794 1044; x_wconf 80' lang='lat' dir='ltr'>judicium</span> 
     </span>
    </p>

    <p class='ocr_par' dir='ltr' id='par_1_5' title="bbox 400 1065 2620 1157">
     <span class='ocr_line' id='line_1_6' title="bbox 400 1065 2620 1157; baseline -0.007 -13"><span class='ocrx_word' id='word_1_42' title='bbox 400 1078 582 1144; x_wconf 85' lang='lat' dir='ltr'>venit</span> <span class='ocrx_word' id='word_1_43' title='bbox 624 1095 864 1157; x_wconf 78' lang='lat' dir='ltr'>magna</span> <span class='ocrx_word' id='word_1_44' title='bbox 906 1072 1300 1157; x_wconf 76' lang='lat' dir='ltr'>redemptio,</span> <span class='ocrx_word' id='word_1_45' title='bbox 1760 1075 1826 1132; x_wconf 87' lang='lat' dir='ltr'>et</span> <span class='ocrx_word' id='word_1_46' title='bbox 1871 1067 1995 1130; x_wconf 86' lang='lat' dir='ltr'>erit</span> <span class='ocrx_word' id='word_1_47' title='bbox 2037 1066 2225 1130; x_wconf 81' lang='lat' dir='ltr'>fortis</span> <span class='ocrx_word' id='word_1_48' title='bbox 2272 1065 2587 1129; x_wconf 85' lang='lat' dir='ltr'>districtio</span> <span class='ocrx_word' id='word_1_49' title='bbox 2603 1111 2620 1146; x_wconf 90' lang='lat'>,</span> 
     </span>
    </p>

    <p class='ocr_par' dir='ltr' id='par_1_6' title="bbox 396 1165 3068 1549">
     <span class='ocr_line' id='line_1_7' title="bbox 398 1165 2895 1265; baseline -0.006 -20"><span class='ocrx_word' id='word_1_50' title='bbox 398 1201 533 1265; x_wconf 82' lang='lat' dir='ltr'>qua</span> <span class='ocrx_word' id='word_1_51' title='bbox 576 1186 838 1260; x_wconf 82' lang='lat' dir='ltr'>cuncta,</span> <span class='ocrx_word' id='word_1_52' title='bbox 884 1196 1032 1259; x_wconf 80' lang='lat' dir='ltr'>quae</span> <span class='ocrx_word' id='word_1_53' title='bbox 1080 1175 1577 1258; x_wconf 84' lang='lat' dir='ltr'>committuntur,</span> <span class='ocrx_word' id='word_1_54' title='bbox 1759 1171 1872 1234; x_wconf 87' lang='lat' dir='ltr'>ubi</span> <span class='ocrx_word' id='word_1_55' title='bbox 1913 1187 2044 1233; x_wconf 90' lang='lat' dir='ltr'>non</span> <span class='ocrx_word' id='word_1_56' title='bbox 2091 1166 2361 1250; x_wconf 86' lang='lat' dir='ltr'>adjuvet</span> <span class='ocrx_word' id='word_1_57' title='bbox 2402 1174 2592 1250; x_wconf 80' lang='lat' dir='ltr'>pater</span> <span class='ocrx_word' id='word_1_58' title='bbox 2637 1165 2895 1249; x_wconf 82' lang='lat' dir='ltr'>filium,</span> 
     </span>
     <span class='ocr_line' id='line_1_8' title="bbox 396 1267 3068 1367; baseline -0.006 -19"><span class='ocrx_word' id='word_1_59' title='bbox 396 1280 774 1367; x_wconf 82' lang='lat' dir='ltr'>poenitendo</span> <span class='ocrx_word' id='word_1_60' title='bbox 819 1281 1244 1344; x_wconf 83' lang='lat' dir='ltr'>remittuntur.</span> <span class='ocrx_word' id='word_1_61' title='bbox 1569 1276 1656 1340; x_wconf 88' lang='grc'>60</span> <span class='ocrx_word' id='word_1_62' title='bbox 1760 1292 1884 1338; x_wconf 92' lang='lat' dir='ltr'>nec</span> <span class='ocrx_word' id='word_1_63' title='bbox 1929 1271 2098 1337; x_wconf 75' lang='lat' dir='ltr'>filius</span> <span class='ocrx_word' id='word_1_64' title='bbox 2145 1267 2454 1335; x_wconf 83' lang='lat' dir='ltr'>defendet</span> <span class='ocrx_word' id='word_1_65' title='bbox 2494 1279 2774 1355; x_wconf 85' lang='lat' dir='ltr'>patrem.</span> <span class='ocrx_word' id='word_1_66' title='bbox 2979 1269 3068 1333; x_wconf 75' lang='lat'>8⁰</span> 
     </span>
     <span class='ocr_line' id='line_1_9' title="bbox 400 1455 2646 1549; baseline -0.005 -15"><span class='ocrx_word' id='word_1_67' title='bbox 400 1469 616 1548; x_wconf 79' lang='lat' dir='ltr'>Quare</span> <span class='ocrx_word' id='word_1_68' title='bbox 661 1455 790 1532; x_wconf 89' lang='lat' dir='ltr'>non</span> <span class='ocrx_word' id='word_1_69' title='bbox 834 1467 937 1530; x_wconf 82' lang='lat' dir='ltr'>vis</span> <span class='ocrx_word' id='word_1_70' title='bbox 956 1515 973 1549; x_wconf 90' lang='lat'>,</span> <span class='ocrx_word' id='word_1_71' title='bbox 1012 1465 1310 1549; x_wconf 73' lang='lat' dir='ltr'>Juvenis‚</span> <span class='ocrx_word' id='word_1_72' title='bbox 1760 1462 1986 1530; x_wconf 79' lang='lat' dir='ltr'>Xristo</span> <span class='ocrx_word' id='word_1_73' title='bbox 2032 1460 2313 1544; x_wconf 83' lang='lat' dir='ltr'>servias,</span> <span class='ocrx_word' id='word_1_74' title='bbox 2351 1459 2646 1544; x_wconf 80' lang='lat' dir='ltr'>juveniS‚</span> 
     </span>
    </p>

    <p class='ocr_par' dir='ltr' id='par_1_7' title="bbox 400 1565 2458 1647">
     <span class='ocr_line' id='line_1_10' title="bbox 400 1565 2458 1647; baseline -0.005 -9"><span class='ocrx_word' id='word_1_75' title='bbox 400 1591 742 1638; x_wconf 87' lang='lat' dir='ltr'>recurrere</span> <span class='ocrx_word' id='word_1_76' title='bbox 789 1570 874 1634; x_wconf 83' lang='lat' dir='ltr'>ad</span> <span class='ocrx_word' id='word_1_77' title='bbox 917 1569 1287 1634; x_wconf 67' lang='lat' dir='ltr'>dominum?</span> <span class='ocrx_word' id='word_1_78' title='bbox 1762 1565 1849 1633; x_wconf 87' lang='lat' dir='ltr'>ad</span> <span class='ocrx_word' id='word_1_79' title='bbox 1894 1585 2040 1632; x_wconf 86' lang='lat' dir='ltr'>eum</span> <span class='ocrx_word' id='word_1_80' title='bbox 2083 1584 2458 1647; x_wconf 86' lang='lat' dir='ltr'>recurrere,</span> 
     </span>
    </p>

    <p class='ocr_par' dir='ltr' id='par_1_8' title="bbox 400 1669 2485 1760">
     <span class='ocr_line' id='line_1_11' title="bbox 400 1669 2485 1760; baseline -0.005 -20"><span class='ocrx_word' id='word_1_81' title='bbox 400 1694 569 1760; x_wconf 79' lang='lat' dir='ltr'>roga</span> <span class='ocrx_word' id='word_1_82' title='bbox 612 1675 758 1758; x_wconf 81' lang='lat' dir='ltr'>ejus</span> <span class='ocrx_word' id='word_1_83' title='bbox 803 1674 1240 1754; x_wconf 85' lang='lat' dir='ltr'>clementiam,</span> <span class='ocrx_word' id='word_1_84' title='bbox 1761 1677 1832 1735; x_wconf 87' lang='lat' dir='ltr'>ut</span> <span class='ocrx_word' id='word_1_85' title='bbox 1877 1678 2027 1733; x_wconf 80' lang='lat' dir='ltr'>ante</span> <span class='ocrx_word' id='word_1_86' title='bbox 2073 1669 2218 1752; x_wconf 74' lang='lat' dir='ltr'>eius</span> <span class='ocrx_word' id='word_1_87' title='bbox 2267 1669 2485 1731; x_wconf 86' lang='lat' dir='ltr'>limina</span> 
     </span>
    </p>

    <p class='ocr_par' dir='ltr' id='par_1_9' title="bbox 404 1770 2624 1859">
     <span class='ocr_line' id='line_1_12' title="bbox 404 1770 2624 1859; baseline -0.005 -15"><span class='ocrx_word' id='word_1_88' title='bbox 404 1787 476 1846; x_wconf 92' lang='lat' dir='ltr'>ut</span> <span class='ocrx_word' id='word_1_89' title='bbox 519 1778 716 1843; x_wconf 88' lang='lat' dir='ltr'>donet</span> <span class='ocrx_word' id='word_1_90' title='bbox 761 1777 1242 1859; x_wconf 80' lang='lat' dir='ltr'>indulgentiam.</span> <span class='ocrx_word' id='word_1_91' title='bbox 1762 1791 2030 1838; x_wconf 75' lang='lat' dir='ltr'>securus</span> <span class='ocrx_word' id='word_1_92' title='bbox 2077 1773 2166 1835; x_wconf 85' lang='lat' dir='ltr'>sis</span> <span class='ocrx_word' id='word_1_93' title='bbox 2213 1770 2295 1834; x_wconf 90' lang='lat' dir='ltr'>de</span> <span class='ocrx_word' id='word_1_94' title='bbox 2342 1771 2624 1836; x_wconf 88' lang='lat' dir='ltr'>crimine.</span> 
     </span>
    </p>

    <p class='ocr_par' dir='ltr' id='par_1_10' title="bbox 403 1961 3044 2147">
     <span class='ocr_line' id='line_1_13' title="bbox 403 1961 3044 2047; baseline -0 -19"><span class='ocrx_word' id='word_1_95' title='bbox 403 1963 656 2047; x_wconf 85' lang='lat' dir='ltr'>Rumpe</span> <span class='ocrx_word' id='word_1_96' title='bbox 702 1961 919 2028; x_wconf 80' lang='lat' dir='ltr'>cordis</span> <span class='ocrx_word' id='word_1_97' title='bbox 965 1962 1292 2042; x_wconf 82' lang='lat' dir='ltr'>duritiam,</span> <span class='ocrx_word' id='word_1_98' title='bbox 1573 1962 1657 2025; x_wconf 78' lang='lat'>65</span> <span class='ocrx_word' id='word_1_99' title='bbox 1763 1962 1933 2028; x_wconf 90' lang='lat' dir='ltr'>Ydei</span> <span class='ocrx_word' id='word_1_100' title='bbox 1979 1981 2200 2044; x_wconf 71' lang='lat' dir='ltr'>quaere</span> <span class='ocrx_word' id='word_1_101' title='bbox 2248 1962 2555 2045; x_wconf 79' lang='lat' dir='ltr'>gratiam,</span> <span class='ocrx_word' id='word_1_102' title='bbox 2961 1963 3044 2027; x_wconf 82' lang='lat'>85</span> 
     </span>
     <span class='ocr_line' id='line_1_14' title="bbox 406 2063 2603 2147; baseline -0 -17"><span class='ocrx_word' id='word_1_103' title='bbox 406 2065 631 2144; x_wconf 87' lang='lat' dir='ltr'>homo,</span> <span class='ocrx_word' id='word_1_104' title='bbox 670 2069 847 2126; x_wconf 83' lang='lat' dir='ltr'>tuam</span> <span class='ocrx_word' id='word_1_105' title='bbox 889 2063 1225 2144; x_wconf 82' lang='lat' dir='ltr'>malitiam,</span> <span class='ocrx_word' id='word_1_106' title='bbox 1766 2064 1942 2129; x_wconf 87' lang='lat' dir='ltr'>delet</span> <span class='ocrx_word' id='word_1_107' title='bbox 1985 2066 2242 2147; x_wconf 86' lang='lat' dir='ltr'>peccati</span> <span class='ocrx_word' id='word_1_108' title='bbox 2288 2066 2603 2130; x_wconf 77' lang='lat' dir='ltr'><strong>maculam</strong></span> 
     </span>
    </p>

    <p class='ocr_par' dir='ltr' id='par_1_11' title="bbox 406 2164 2515 2252">
     <span class='ocr_line' id='line_1_15' title="bbox 406 2164 2515 2252; baseline 0 -20"><span class='ocrx_word' id='word_1_109' title='bbox 406 2168 645 2232; x_wconf 81' lang='lat' dir='ltr'>festina</span> <span class='ocrx_word' id='word_1_110' title='bbox 689 2172 754 2229; x_wconf 88' lang='lat' dir='ltr'>te</span> <span class='ocrx_word' id='word_1_111' title='bbox 801 2164 1165 2246; x_wconf 80' lang='lat' dir='ltr'>corrigere,</span> <span class='ocrx_word' id='word_1_112' title='bbox 1767 2169 2121 2252; x_wconf 69' lang='lat' dir='ltr'>humilium,</span> <span class='ocrx_word' id='word_1_113' title='bbox 2168 2177 2232 2234; x_wconf 80' lang='lat' dir='ltr'>et</span> <span class='ocrx_word' id='word_1_114' title='bbox 2279 2171 2515 2234; x_wconf 81' lang='lat' dir='ltr'>caritas</span> 
     </span>
    </p>

    <p class='ocr_par' dir='ltr' id='par_1_12' title="bbox 407 2270 2607 2357">
     <span class='ocr_line' id='line_1_16' title="bbox 407 2270 2607 2357; baseline -0.006 -9"><span class='ocrx_word' id='word_1_115' title='bbox 407 2279 756 2354; x_wconf 81' lang='lat' dir='ltr'>antequam</span> <span class='ocrx_word' id='word_1_116' title='bbox 799 2277 1050 2353; x_wconf 64' lang='lat' dir='ltr'>tempus</span> <span class='ocrx_word' id='word_1_117' title='bbox 1093 2274 1341 2352; x_wconf 80' lang='lat' dir='ltr'>pereat.</span> <span class='ocrx_word' id='word_1_118' title='bbox 1768 2270 1946 2338; x_wconf 82' lang='lat' dir='ltr'>ducit</span> <span class='ocrx_word' id='word_1_119' title='bbox 1988 2272 2073 2337; x_wconf 78' lang='lat' dir='ltr'>ad</span> <span class='ocrx_word' id='word_1_120' title='bbox 2120 2272 2270 2337; x_wconf 83' lang='lat' dir='ltr'>coeli</span> <span class='ocrx_word' id='word_1_121' title='bbox 2311 2274 2607 2357; x_wconf 68' lang='lat' dir='ltr'>patriam.</span> 
     </span>
    </p>

    <p class='ocr_par' dir='ltr' id='par_1_13' title="bbox 410 2457 2623 2550">
     <span class='ocr_line' id='line_1_17' title="bbox 410 2457 2623 2550; baseline 0 -27"><span class='ocrx_word' id='word_1_122' title='bbox 410 2459 698 2544; x_wconf 79' lang='lat' dir='ltr'>Suscipit</span> <span class='ocrx_word' id='word_1_123' title='bbox 743 2457 1038 2523; x_wconf 79' lang='lat' dir='ltr'>Christus</span> <span class='ocrx_word' id='word_1_124' title='bbox 1081 2459 1368 2550; x_wconf 78' lang='lat' dir='ltr'>veniam,</span> <span class='ocrx_word' id='word_1_125' title='bbox 1768 2460 1995 2527; x_wconf 88' lang='lat' dir='ltr'>Zelum</span> <span class='ocrx_word' id='word_1_126' title='bbox 2038 2460 2239 2525; x_wconf 83' lang='lat' dir='ltr'>habet</span> <span class='ocrx_word' id='word_1_127' title='bbox 2285 2461 2623 2543; x_wconf 87' lang='lat' dir='ltr'>optimum,</span> 
     </span>
    </p>

    <p class='ocr_par' dir='ltr' id='par_1_14' title="bbox 411 2559 3036 2745">
     <span class='ocr_line' id='line_1_18' title="bbox 411 2559 3036 2648; baseline -0.002 -19"><span class='ocrx_word' id='word_1_128' title='bbox 411 2573 483 2630; x_wconf 84' lang='lat' dir='ltr'>ut</span> <span class='ocrx_word' id='word_1_129' title='bbox 528 2564 725 2627; x_wconf 89' lang='lat' dir='ltr'>donet</span> <span class='ocrx_word' id='word_1_130' title='bbox 766 2560 1230 2644; x_wconf 79' lang='lat' dir='ltr'>indulgentiam</span> <span class='ocrx_word' id='word_1_131' title='bbox 1576 2559 1660 2623; x_wconf 72' lang='lat'>&#39;70</span> <span class='ocrx_word' id='word_1_132' title='bbox 1771 2564 1879 2648; x_wconf 90' lang='lat' dir='ltr'>qui</span> <span class='ocrx_word' id='word_1_133' title='bbox 1925 2562 2115 2627; x_wconf 88' lang='lat' dir='ltr'>deum</span> <span class='ocrx_word' id='word_1_134' title='bbox 2160 2570 2334 2626; x_wconf 85' lang='lat' dir='ltr'>amat</span> <span class='ocrx_word' id='word_1_135' title='bbox 2379 2569 2445 2626; x_wconf 90' lang='lat' dir='ltr'>et</span> <span class='ocrx_word' id='word_1_136' title='bbox 2489 2561 2892 2646; x_wconf 79' lang='lat' dir='ltr'>proximum,</span> <span class='ocrx_word' id='word_1_137' title='bbox 2957 2563 3036 2627; x_wconf 83' lang='grc'>90</span> 
     </span>
     <span class='ocr_line' id='line_1_19' title="bbox 414 2661 2557 2745; baseline -0.002 -12"><span class='ocrx_word' id='word_1_138' title='bbox 414 2668 500 2734; x_wconf 87' lang='lat' dir='ltr'>ad</span> <span class='ocrx_word' id='word_1_139' title='bbox 534 2668 708 2731; x_wconf 85' lang='lat' dir='ltr'>illam</span> <span class='ocrx_word' id='word_1_140' title='bbox 753 2686 975 2729; x_wconf 83' lang='lat' dir='ltr'>veram</span> <span class='ocrx_word' id='word_1_141' title='bbox 1022 2661 1315 2745; x_wconf 85' lang='lat' dir='ltr'>animam,</span> <span class='ocrx_word' id='word_1_142' title='bbox 1770 2667 2093 2731; x_wconf 85' lang='lat' dir='ltr'>laetabitur</span> <span class='ocrx_word' id='word_1_143' title='bbox 2138 2667 2203 2730; x_wconf 91' lang='lat' dir='ltr'>in</span> <span class='ocrx_word' id='word_1_144' title='bbox 2249 2666 2557 2730; x_wconf 86' lang='lat' dir='ltr'>saeculum</span> 
     </span>
    </p>

    <p class='ocr_par' dir='ltr' id='par_1_15' title="bbox 415 2768 2618 2854">
     <span class='ocr_line' id='line_1_20' title="bbox 415 2768 2618 2854; baseline -0.001 -20"><span class='ocrx_word' id='word_1_145' title='bbox 415 2770 524 2854; x_wconf 87' lang='lat' dir='ltr'>qui</span> <span class='ocrx_word' id='word_1_146' title='bbox 568 2787 829 2835; x_wconf 82' lang='lat' dir='ltr'>carnem</span> <span class='ocrx_word' id='word_1_147' title='bbox 882 2785 1065 2832; x_wconf 84' lang='lat' dir='ltr'>suam</span> <span class='ocrx_word' id='word_1_148' title='bbox 1107 2768 1403 2832; x_wconf 81' lang='lat' dir='ltr'>maculat.</span> <span class='ocrx_word' id='word_1_149' title='bbox 1770 2778 1838 2832; x_wconf 89' lang='lat' dir='ltr'>et</span> <span class='ocrx_word' id='word_1_150' title='bbox 1880 2768 2062 2833; x_wconf 82' lang='lat' dir='ltr'>vivet</span> <span class='ocrx_word' id='word_1_151' title='bbox 2104 2769 2170 2832; x_wconf 91' lang='lat' dir='ltr'>in</span> <span class='ocrx_word' id='word_1_152' title='bbox 2213 2776 2618 2853; x_wconf 85' lang='lat' dir='ltr'>perpetuum.</span> 
     </span>
    </p>
   </div>
   <div class='ocr_carea' id='block_1_2' title="bbox 413 2948 3052 3285">
    <p class='ocr_par' dir='ltr' id='par_1_16' title="bbox 413 2948 3052 3285">
     <span class='ocr_line' id='line_1_21' title="bbox 593 2948 3046 3022; baseline 0 -16"><span class='ocrx_word' id='word_1_153' title='bbox 593 2949 688 3006; x_wconf 67' lang='grc' dir='ltr'>ΗΒ.</span> <span class='ocrx_word' id='word_1_154' title='bbox 735 2966 805 3004; x_wconf 83' lang='lat' dir='ltr'>zu</span> <span class='ocrx_word' id='word_1_155' title='bbox 838 2949 1164 3006; x_wconf 78' lang='lat' dir='ltr'>Darmstadt</span> <span class='ocrx_word' id='word_1_156' title='bbox 1217 2951 1323 3006; x_wconf 90' lang='lat' dir='ltr'>No.</span> <span class='ocrx_word' id='word_1_157' title='bbox 1360 2951 1516 3005; x_wconf 79' lang='grc'><strong>2106.</strong></span> <span class='ocrx_word' id='word_1_158' title='bbox 1574 2967 1676 3005; x_wconf 79' lang='lat' dir='ltr'>aus</span> <span class='ocrx_word' id='word_1_159' title='bbox 1726 2952 1850 3005; x_wconf 87' lang='lat' dir='ltr'>dem</span> <span class='ocrx_word' id='word_1_160' title='bbox 1895 2948 2125 3022; x_wconf 83' lang='lat' dir='ltr'>Anfang</span> <span class='ocrx_word' id='word_1_161' title='bbox 2177 2950 2276 3005; x_wconf 81' lang='lat' dir='ltr'>des</span> <span class='ocrx_word' id='word_1_162' title='bbox 2323 2952 2357 3005; x_wconf 98' lang='grc'><strong>9</strong></span> <span class='ocrx_word' id='word_1_163' title='bbox 2405 2950 2845 3007; x_wconf 79' lang='lat' dir='ltr'>Jahrhunderts.</span> <span class='ocrx_word' id='word_1_164' title='bbox 2917 2952 3046 3006; x_wconf 77' lang='lat' dir='ltr'>Das</span> 
     </span>
     <span class='ocr_line' id='line_1_22' title="bbox 413 3036 3046 3108; baseline 0.001 -16"><span class='ocrx_word' id='word_1_165' title='bbox 413 3038 551 3093; x_wconf 88' lang='lat' dir='ltr'>Lied</span> <span class='ocrx_word' id='word_1_166' title='bbox 587 3037 663 3092; x_wconf 74' lang='lat' dir='ltr'>ist</span> <span class='ocrx_word' id='word_1_167' title='bbox 698 3036 789 3092; x_wconf 88' lang='lat' dir='ltr'>ein</span> <span class='ocrx_word' id='word_1_168' title='bbox 823 3037 1205 3093; x_wconf 77' lang='lat' dir='ltr'>Akrostichon</span> <span class='ocrx_word' id='word_1_169' title='bbox 1242 3039 1387 3092; x_wconf 82' lang='lat' dir='ltr'>nach</span> <span class='ocrx_word' id='word_1_170' title='bbox 1423 3038 1547 3093; x_wconf 88' lang='lat' dir='ltr'>dem</span> <span class='ocrx_word' id='word_1_171' title='bbox 1580 3038 1880 3108; x_wconf 78' lang='lat' dir='ltr'>Alphabet.</span> <span class='ocrx_word' id='word_1_172' title='bbox 1948 3037 2085 3092; x_wconf 88' lang='lat' dir='ltr'>Eine</span> <span class='ocrx_word' id='word_1_173' title='bbox 2121 3039 2214 3093; x_wconf 77' lang='lat' dir='ltr'>Hs,</span> <span class='ocrx_word' id='word_1_174' title='bbox 2251 3055 2322 3093; x_wconf 89' lang='lat' dir='ltr'>zu</span> <span class='ocrx_word' id='word_1_175' title='bbox 2355 3039 2528 3092; x_wconf 89' lang='lat' dir='ltr'>Wien</span> <span class='ocrx_word' id='word_1_176' title='bbox 2567 3036 2726 3093; x_wconf 78' lang='lat' dir='ltr'>ffihrt</span> <span class='ocrx_word' id='word_1_177' title='bbox 2761 3040 2935 3094; x_wconf 60' lang='lat' dir='ltr'>Dexi-3</span> <span class='ocrx_word' id='word_1_178' title='bbox 2964 3056 3046 3095; x_wconf 76' lang='lat' dir='ltr'>an</span> 
     </span>
     <span class='ocr_line' id='line_1_23' title="bbox 415 3125 3052 3198; baseline -0 -15"><span class='ocrx_word' id='word_1_179' title='bbox 415 3127 583 3183; x_wconf 76' lang='lat' dir='ltr'>catal.</span> <span class='ocrx_word' id='word_1_180' title='bbox 621 3127 780 3184; x_wconf 76' lang='lat' dir='ltr'>codd.</span> <span class='ocrx_word' id='word_1_181' title='bbox 816 3126 989 3184; x_wconf 85' lang='lat' dir='ltr'>theol.</span> <span class='ocrx_word' id='word_1_182' title='bbox 1025 3127 1067 3195; x_wconf 91' lang='lat'>1,</span> <span class='ocrx_word' id='word_1_183' title='bbox 1100 3129 1134 3181; x_wconf 84' lang='lat'><strong>3</strong></span> <span class='ocrx_word' id='word_1_184' title='bbox 1170 3144 1223 3198; x_wconf 86' lang='lat' dir='ltr'>p.</span> <span class='ocrx_word' id='word_1_185' title='bbox 1257 3128 1416 3182; x_wconf 79' lang='lat'>2932.</span> <span class='ocrx_word' id='word_1_186' title='bbox 1449 3128 1565 3182; x_wconf 80' lang='lat' dir='ltr'>und</span> <span class='ocrx_word' id='word_1_187' title='bbox 1599 3126 1892 3186; x_wconf 80' lang='lat' dir='ltr'>verachtet</span> <span class='ocrx_word' id='word_1_188' title='bbox 1928 3125 2111 3181; x_wconf 74' lang='lat' dir='ltr'>dieses</span> <span class='ocrx_word' id='word_1_189' title='bbox 2146 3126 2296 3181; x_wconf 88' lang='lat' dir='ltr'>Lied.</span> <span class='ocrx_word' id='word_1_190' title='bbox 2367 3125 2527 3181; x_wconf 79' lang='lat' dir='ltr'>Nach</span> <span class='ocrx_word' id='word_1_191' title='bbox 2568 3127 2694 3181; x_wconf 88' lang='lat' dir='ltr'>dem</span> <span class='ocrx_word' id='word_1_192' title='bbox 2722 3126 3052 3182; x_wconf 72' lang='lat' dir='ltr'>Rundrein</span> 
     </span>
     <span class='ocr_line' id='line_1_24' title="bbox 414 3212 3052 3285; baseline 0 -16"><span class='ocrx_word' id='word_1_193' title='bbox 414 3231 540 3270; x_wconf 84' lang='lat' dir='ltr'>war</span> <span class='ocrx_word' id='word_1_194' title='bbox 590 3215 692 3270; x_wconf 78' lang='lat' dir='ltr'>das</span> <span class='ocrx_word' id='word_1_195' title='bbox 730 3215 868 3270; x_wconf 82' lang='lat' dir='ltr'>Lied</span> <span class='ocrx_word' id='word_1_196' title='bbox 921 3215 1046 3269; x_wconf 84' lang='lat' dir='ltr'>eine</span> <span class='ocrx_word' id='word_1_197' title='bbox 1082 3215 1470 3285; x_wconf 78' lang='lat' dir='ltr'>Retrachtung</span> <span class='ocrx_word' id='word_1_198' title='bbox 1517 3230 1643 3268; x_wconf 82' lang='lat' dir='ltr'>zum</span> <span class='ocrx_word' id='word_1_199' title='bbox 1678 3212 2200 3269; x_wconf 80' lang='lat' dir='ltr'>Aschermittwoch.</span> <span class='ocrx_word' id='word_1_200' title='bbox 2272 3213 2390 3268; x_wconf 77' lang='lat' dir='ltr'>Ans</span> <span class='ocrx_word' id='word_1_201' title='bbox 2427 3214 2552 3268; x_wconf 87' lang='lat' dir='ltr'>dem</span> <span class='ocrx_word' id='word_1_202' title='bbox 2592 3214 2654 3266; x_wconf 88' lang='lat'>11</span> <span class='ocrx_word' id='word_1_203' title='bbox 2695 3213 2895 3268; x_wconf 81' lang='lat' dir='ltr'>Jahrh.</span> <span class='ocrx_word' id='word_1_204' title='bbox 2937 3215 3052 3269; x_wconf 72' lang='lat' dir='ltr'>hat</span> 
     </span>
    </p>
   </div>
   <div class='ocr_carea' id='block_1_3' title="bbox 412 3298 3050 3459">
    <p class='ocr_par' dir='ltr' id='par_1_17' title="bbox 412 3298 3050 3459">
     <span class='ocr_line' id='line_1_25' title="bbox 412 3298 3050 3372; baseline 0 -16"><span class='ocrx_word' id='word_1_205' title='bbox 412 3318 541 3357; x_wconf 84' lang='lat' dir='ltr'>man</span> <span class='ocrx_word' id='word_1_206' title='bbox 577 3304 721 3358; x_wconf 83' lang='lat' dir='ltr'>auch</span> <span class='ocrx_word' id='word_1_207' title='bbox 758 3319 869 3358; x_wconf 80' lang='lat' dir='ltr'>von</span> <span class='ocrx_word' id='word_1_208' title='bbox 906 3302 1153 3372; x_wconf 40' lang='lat' dir='ltr'>Anselm,</span> <span class='ocrx_word' id='word_1_209' title='bbox 1181 3318 1297 3357; x_wconf 85' lang='lat' dir='ltr'>von</span> <span class='ocrx_word' id='word_1_210' title='bbox 1335 3301 1690 3372; x_wconf 81' lang='lat' dir='ltr'>Canterbury</span> <span class='ocrx_word' id='word_1_211' title='bbox 1726 3300 1991 3357; x_wconf 84' lang='lat' dir='ltr'>Gedichte</span> <span class='ocrx_word' id='word_1_212' title='bbox 2041 3300 2111 3356; x_wconf 86' lang='lat' dir='ltr'>de</span> <span class='ocrx_word' id='word_1_213' title='bbox 2147 3305 2469 3370; x_wconf 83' lang='lat' dir='ltr'>contemptu</span> <span class='ocrx_word' id='word_1_214' title='bbox 2504 3298 2694 3354; x_wconf 87' lang='lat' dir='ltr'>mundi</span> <span class='ocrx_word' id='word_1_215' title='bbox 2740 3304 2908 3371; x_wconf 84' lang='lat' dir='ltr'>(opp.</span> <span class='ocrx_word' id='word_1_216' title='bbox 2951 3302 3050 3356; x_wconf 72' lang='lat' dir='ltr'>ed.</span> 
     </span>
     <span class='ocr_line' id='line_1_26' title="bbox 415 3387 986 3459; baseline -0.007 -15"><span class='ocrx_word' id='word_1_217' title='bbox 415 3387 723 3444; x_wconf 83' lang='lat' dir='ltr'>Gerberon.</span> <span class='ocrx_word' id='word_1_218' title='bbox 758 3390 795 3444; x_wconf 83' lang='lat'>1.</span> <span class='ocrx_word' id='word_1_219' title='bbox 828 3392 986 3459; x_wconf 81' lang='grc'>277).</span> 
     </span>
    </p>
   </div>
   <div class='ocr_carea' id='block_1_4' title="bbox 404 3506 3060 4537">
    <p class='ocr_par' dir='ltr' id='par_1_18' title="bbox 404 3506 3060 4537">
     <span class='ocr_line' id='line_1_27' title="bbox 587 3506 3054 3576; baseline 0.002 -16"><span class='ocrx_word' id='word_1_220' title='bbox 587 3510 624 3560; x_wconf 74' lang='grc'>4</span> <span class='ocrx_word' id='word_1_221' title='bbox 660 3507 784 3561; x_wconf 86' lang='lat' dir='ltr'>dem</span> <span class='ocrx_word' id='word_1_222' title='bbox 818 3507 1009 3562; x_wconf 87' lang='lat' dir='ltr'>Reime</span> <span class='ocrx_word' id='word_1_223' title='bbox 1045 3510 1188 3562; x_wconf 85' lang='lat' dir='ltr'>nach</span> <span class='ocrx_word' id='word_1_224' title='bbox 1225 3510 1421 3562; x_wconf 83' lang='lat' dir='ltr'>besser</span> <span class='ocrx_word' id='word_1_225' title='bbox 1457 3506 1835 3576; x_wconf 79' lang='lat' dir='ltr'>coinquinans.</span> <span class='ocrx_word' id='word_1_226' title='bbox 1907 3508 1978 3561; x_wconf 86' lang='lat'>10</span> <span class='ocrx_word' id='word_1_227' title='bbox 2011 3507 2155 3563; x_wconf 79' lang='lat' dir='ltr'>nach</span> <span class='ocrx_word' id='word_1_228' title='bbox 2192 3508 2315 3562; x_wconf 86' lang='lat' dir='ltr'>dem</span> <span class='ocrx_word' id='word_1_229' title='bbox 2349 3506 2539 3562; x_wconf 81' lang='lat' dir='ltr'>Reime</span> <span class='ocrx_word' id='word_1_230' title='bbox 2575 3507 2804 3561; x_wconf 77' lang='lat' dir='ltr'>besser:</span> <span class='ocrx_word' id='word_1_231' title='bbox 2845 3513 2910 3561; x_wconf 83' lang='lat' dir='ltr'>tn</span> <span class='ocrx_word' id='word_1_232' title='bbox 2944 3509 3054 3564; x_wconf 79' lang='lat' dir='ltr'>de-</span> 
     </span>
     <span class='ocr_line' id='line_1_28' title="bbox 416 3589 3051 3666; baseline 0.001 -18"><span class='ocrx_word' id='word_1_233' title='bbox 416 3593 610 3663; x_wconf 73' lang='lat' dir='ltr'>cipies.</span> <span class='ocrx_word' id='word_1_234' title='bbox 682 3595 746 3645; x_wconf 92' lang='grc'>11</span> <span class='ocrx_word' id='word_1_235' title='bbox 784 3592 819 3647; x_wconf 85' lang='lat' dir='ltr'>l.</span> <span class='ocrx_word' id='word_1_236' title='bbox 854 3589 1036 3648; x_wconf 84' lang='lat' dir='ltr'>flectis</span> <span class='ocrx_word' id='word_1_237' title='bbox 1076 3627 1137 3635; x_wconf 93' lang='lat'>-—</span> <span class='ocrx_word' id='word_1_238' title='bbox 1177 3595 1455 3650; x_wconf 54' lang='lat' dir='ltr'>libidinem</span> <span class='ocrx_word' id='word_1_239' title='bbox 1532 3598 1600 3648; x_wconf 72' lang='lat'>14</span> <span class='ocrx_word' id='word_1_240' title='bbox 1637 3600 1734 3648; x_wconf 80' lang='lat' dir='ltr'>tua</span> <span class='ocrx_word' id='word_1_241' title='bbox 1767 3594 1979 3649; x_wconf 71' lang='lat' dir='ltr'>konnte</span> <span class='ocrx_word' id='word_1_242' title='bbox 2016 3596 2116 3649; x_wconf 83' lang='lat' dir='ltr'>des</span> <span class='ocrx_word' id='word_1_243' title='bbox 2151 3596 2362 3651; x_wconf 69' lang='lat' dir='ltr'>Vei-ses</span> <span class='ocrx_word' id='word_1_244' title='bbox 2397 3609 2603 3666; x_wconf 79' lang='lat' dir='ltr'>wegen</span> <span class='ocrx_word' id='word_1_245' title='bbox 2639 3594 3051 3665; x_wconf 73' lang='lat' dir='ltr'>wegbleiben.</span> 
     </span>
     <span class='ocr_line' id='line_1_29' title="bbox 418 3678 3052 3752; baseline 0.001 -18"><span class='ocrx_word' id='word_1_246' title='bbox 418 3683 487 3734; x_wconf 87' lang='grc'>17</span> <span class='ocrx_word' id='word_1_247' title='bbox 524 3680 561 3734; x_wconf 87' lang='lat' dir='ltr'>L</span> <span class='ocrx_word' id='word_1_248' title='bbox 598 3678 807 3735; x_wconf 82' lang='lat' dir='ltr'>eleves.</span> <span class='ocrx_word' id='word_1_249' title='bbox 886 3680 959 3733; x_wconf 79' lang='lat'>20</span> <span class='ocrx_word' id='word_1_250' title='bbox 993 3681 1211 3737; x_wconf 80' lang='lat' dir='ltr'>scheint</span> <span class='ocrx_word' id='word_1_251' title='bbox 1247 3679 1571 3737; x_wconf 80' lang='lat' dir='ltr'>fehlerhaft.</span> <span class='ocrx_word' id='word_1_252' title='bbox 1653 3684 1726 3736; x_wconf 70' lang='lat'>24</span> <span class='ocrx_word' id='word_1_253' title='bbox 1763 3681 1797 3736; x_wconf 91' lang='lat' dir='ltr'>l.</span> <span class='ocrx_word' id='word_1_254' title='bbox 1834 3681 2107 3737; x_wconf 79' lang='lat' dir='ltr'>libidines.</span> <span class='ocrx_word' id='word_1_255' title='bbox 2192 3684 2261 3737; x_wconf 83' lang='lat'>25</span> <span class='ocrx_word' id='word_1_256' title='bbox 2299 3680 2394 3737; x_wconf 83' lang='lat' dir='ltr'>fiir</span> <span class='ocrx_word' id='word_1_257' title='bbox 2430 3683 2538 3737; x_wconf 80' lang='lat' dir='ltr'>den</span> <span class='ocrx_word' id='word_1_258' title='bbox 2573 3681 2699 3737; x_wconf 79' lang='lat' dir='ltr'>Abl.</span> <span class='ocrx_word' id='word_1_259' title='bbox 2739 3681 2772 3734; x_wconf 89' lang='lat' dir='ltr'>l.</span> <span class='ocrx_word' id='word_1_260' title='bbox 2815 3683 3052 3752; x_wconf 81' lang='lat' dir='ltr'>populi.</span> 
     </span>
     <span class='ocr_line' id='line_1_30' title="bbox 416 3767 3056 3838; baseline 0.001 -15"><span class='ocrx_word' id='word_1_261' title='bbox 416 3770 489 3823; x_wconf 81' lang='lat'>29</span> <span class='ocrx_word' id='word_1_262' title='bbox 526 3767 942 3836; x_wconf 78' lang='lat' dir='ltr'>transitoriam,</span> <span class='ocrx_word' id='word_1_263' title='bbox 979 3769 1102 3838; x_wconf 64' lang='lat' dir='ltr'>Hs„</span> <span class='ocrx_word' id='word_1_264' title='bbox 1149 3771 1294 3823; x_wconf 83' lang='lat' dir='ltr'>nach</span> <span class='ocrx_word' id='word_1_265' title='bbox 1330 3769 1452 3823; x_wconf 87' lang='lat' dir='ltr'>dem</span> <span class='ocrx_word' id='word_1_266' title='bbox 1489 3769 1679 3824; x_wconf 87' lang='lat' dir='ltr'>Reime</span> <span class='ocrx_word' id='word_1_267' title='bbox 1716 3769 2057 3825; x_wconf 80' lang='lat' dir='ltr'>verbessert.</span> <span class='ocrx_word' id='word_1_268' title='bbox 2127 3773 2197 3826; x_wconf 81' lang='lat'>32</span> <span class='ocrx_word' id='word_1_269' title='bbox 2236 3769 2312 3824; x_wconf 84' lang='lat' dir='ltr'>ist</span> <span class='ocrx_word' id='word_1_270' title='bbox 2347 3769 2473 3824; x_wconf 88' lang='lat' dir='ltr'>dem</span> <span class='ocrx_word' id='word_1_271' title='bbox 2507 3769 2680 3825; x_wconf 85' lang='lat' dir='ltr'>Sinne</span> <span class='ocrx_word' id='word_1_272' title='bbox 2720 3768 2870 3821; x_wconf 82' lang='lat' dir='ltr'>nach</span> <span class='ocrx_word' id='word_1_273' title='bbox 2909 3785 3056 3825; x_wconf 72' lang='lat' dir='ltr'>ver-</span> 
     </span>
     <span class='ocr_line' id='line_1_31' title="bbox 418 3854 3054 3914; baseline 0 -2"><span class='ocrx_word' id='word_1_274' title='bbox 418 3857 648 3914; x_wconf 87' lang='lat' dir='ltr'>dorben.</span> <span class='ocrx_word' id='word_1_275' title='bbox 702 3860 786 3912; x_wconf 85' lang='lat'>33.</span> <span class='ocrx_word' id='word_1_276' title='bbox 820 3859 893 3911; x_wconf 72' lang='lat'>34</span> <span class='ocrx_word' id='word_1_277' title='bbox 936 3857 1146 3912; x_wconf 86' lang='lat' dir='ltr'>reimen</span> <span class='ocrx_word' id='word_1_278' title='bbox 1184 3857 1350 3914; x_wconf 86' lang='lat' dir='ltr'>nicht.</span> <span class='ocrx_word' id='word_1_279' title='bbox 1403 3860 1473 3912; x_wconf 88' lang='grc'>38</span> <span class='ocrx_word' id='word_1_280' title='bbox 1507 3858 1769 3914; x_wconf 83' lang='lat' dir='ltr'>morieris</span> <span class='ocrx_word' id='word_1_281' title='bbox 1806 3857 1899 3913; x_wconf 79' lang='lat' dir='ltr'>Hs.</span> <span class='ocrx_word' id='word_1_282' title='bbox 1952 3860 2020 3913; x_wconf 68' lang='lat'>41</span> <span class='ocrx_word' id='word_1_283' title='bbox 2058 3860 2228 3913; x_wconf 90' lang='lat' dir='ltr'>modo</span> <span class='ocrx_word' id='word_1_284' title='bbox 2264 3857 2475 3912; x_wconf 73' lang='lat' dir='ltr'>konnte</span> <span class='ocrx_word' id='word_1_285' title='bbox 2511 3872 2603 3911; x_wconf 80' lang='lat' dir='ltr'>am</span> <span class='ocrx_word' id='word_1_286' title='bbox 2628 3854 2782 3909; x_wconf 83' lang='lat' dir='ltr'>Ende</span> <span class='ocrx_word' id='word_1_287' title='bbox 2815 3856 3054 3913; x_wconf 76' lang='lat' dir='ltr'>stehen.</span> 
     </span>
     <span class='ocr_line' id='line_1_32' title="bbox 418 3937 3056 4015; baseline 0.001 -17"><span class='ocrx_word' id='word_1_288' title='bbox 418 3946 491 3999; x_wconf 84' lang='lat'>50</span> <span class='ocrx_word' id='word_1_289' title='bbox 524 3941 717 3998; x_wconf 85' lang='lat' dir='ltr'>flectet</span> <span class='ocrx_word' id='word_1_290' title='bbox 749 3944 843 3999; x_wconf 81' lang='lat' dir='ltr'>Hs.</span> <span class='ocrx_word' id='word_1_291' title='bbox 926 3947 997 3998; x_wconf 71' lang='lat'>54</span> <span class='ocrx_word' id='word_1_292' title='bbox 1044 3943 1191 4015; x_wconf 76' lang='lat' dir='ltr'>legis</span> <span class='ocrx_word' id='word_1_293' title='bbox 1241 3943 1437 3998; x_wconf 79' lang='lat' dir='ltr'>stiinde</span> <span class='ocrx_word' id='word_1_294' title='bbox 1485 3945 1683 3999; x_wconf 74' lang='lat' dir='ltr'>besser</span> <span class='ocrx_word' id='word_1_295' title='bbox 1730 3960 1820 3999; x_wconf 84' lang='lat' dir='ltr'>am</span> <span class='ocrx_word' id='word_1_296' title='bbox 1855 3944 2023 4001; x_wconf 87' lang='lat' dir='ltr'>Ende.</span> <span class='ocrx_word' id='word_1_297' title='bbox 2111 3945 2182 3997; x_wconf 75' lang='lat'>57</span> <span class='ocrx_word' id='word_1_298' title='bbox 2217 3942 2510 3997; x_wconf 80' lang='lat' dir='ltr'>vieueicht</span> <span class='ocrx_word' id='word_1_299' title='bbox 2543 3944 2714 3998; x_wconf 74' lang='lat' dir='ltr'>denno</span> <span class='ocrx_word' id='word_1_300' title='bbox 2750 3937 2790 3995; x_wconf 79' lang='lat' dir='ltr'>f.</span> <span class='ocrx_word' id='word_1_301' title='bbox 2829 3947 3056 4000; x_wconf 63' lang='lat' dir='ltr'>iterun.</span> 
     </span>
     <span class='ocr_line' id='line_1_33' title="bbox 419 4027 3058 4103; baseline 0 -18"><span class='ocrx_word' id='word_1_302' title='bbox 419 4033 490 4086; x_wconf 73' lang='grc'>59</span> <span class='ocrx_word' id='word_1_303' title='bbox 526 4030 676 4103; x_wconf 85' lang='lat' dir='ltr'>quod</span> <span class='ocrx_word' id='word_1_304' title='bbox 710 4028 748 4084; x_wconf 84' lang='lat' dir='ltr'>f.</span> <span class='ocrx_word' id='word_1_305' title='bbox 778 4047 887 4101; x_wconf 82' lang='lat' dir='ltr'>qua</span> <span class='ocrx_word' id='word_1_306' title='bbox 913 4031 1007 4086; x_wconf 81' lang='lat' dir='ltr'>Hs.</span> <span class='ocrx_word' id='word_1_307' title='bbox 1077 4033 1147 4084; x_wconf 83' lang='grc'>62</span> <span class='ocrx_word' id='word_1_308' title='bbox 1185 4045 1480 4085; x_wconf 84' lang='lat' dir='ltr'>recurrere</span> <span class='ocrx_word' id='word_1_309' title='bbox 1518 4043 1621 4085; x_wconf 74' lang='lat' dir='ltr'>ans</span> <span class='ocrx_word' id='word_1_310' title='bbox 1648 4029 1817 4085; x_wconf 82' lang='lat' dir='ltr'>Ende.</span> <span class='ocrx_word' id='word_1_311' title='bbox 1888 4032 1959 4084; x_wconf 84' lang='grc'>69</span> <span class='ocrx_word' id='word_1_312' title='bbox 1985 4030 2167 4098; x_wconf 77' lang='lat' dir='ltr'>venia,</span> <span class='ocrx_word' id='word_1_313' title='bbox 2206 4029 2306 4084; x_wconf 80' lang='lat' dir='ltr'>das</span> <span class='ocrx_word' id='word_1_314' title='bbox 2334 4029 2511 4086; x_wconf 84' lang='lat' dir='ltr'>Gebet</span> <span class='ocrx_word' id='word_1_315' title='bbox 2539 4045 2629 4082; x_wconf 90' lang='lat' dir='ltr'>nm</span> <span class='ocrx_word' id='word_1_316' title='bbox 2658 4027 2748 4082; x_wconf 86' lang='lat' dir='ltr'>die</span> <span class='ocrx_word' id='word_1_317' title='bbox 2775 4027 3058 4086; x_wconf 68' lang='lat' dir='ltr'>Suaden-</span> 
     </span>
     <span class='ocr_line' id='line_1_34' title="bbox 416 4114 3058 4190; baseline 0 -18"><span class='ocrx_word' id='word_1_318' title='bbox 416 4119 776 4190; x_wconf 77' lang='lat' dir='ltr'>vergebung‚</span> <span class='ocrx_word' id='word_1_319' title='bbox 813 4119 887 4173; x_wconf 90' lang='lat' dir='ltr'>im</span> <span class='ocrx_word' id='word_1_320' title='bbox 932 4118 1322 4175; x_wconf 85' lang='lat' dir='ltr'>Alttentschen</span> <span class='ocrx_word' id='word_1_321' title='bbox 1356 4116 1548 4172; x_wconf 84' lang='lat' dir='ltr'>Venie.</span> <span class='ocrx_word' id='word_1_322' title='bbox 1622 4120 1688 4170; x_wconf 86' lang='grc'>71</span> <span class='ocrx_word' id='word_1_323' title='bbox 1729 4117 1828 4171; x_wconf 86' lang='lat' dir='ltr'>der</span> <span class='ocrx_word' id='word_1_324' title='bbox 1865 4118 1995 4173; x_wconf 82' lang='lat' dir='ltr'>Acc.</span> <span class='ocrx_word' id='word_1_325' title='bbox 2033 4116 2185 4171; x_wconf 82' lang='lat' dir='ltr'>steht</span> <span class='ocrx_word' id='word_1_326' title='bbox 2221 4114 2317 4171; x_wconf 80' lang='lat' dir='ltr'>f‘ur</span> <span class='ocrx_word' id='word_1_327' title='bbox 2353 4117 2461 4172; x_wconf 85' lang='lat' dir='ltr'>den</span> <span class='ocrx_word' id='word_1_328' title='bbox 2497 4117 2620 4170; x_wconf 79' lang='lat' dir='ltr'>Dat.</span> <span class='ocrx_word' id='word_1_329' title='bbox 2690 4118 2760 4168; x_wconf 77' lang='grc'>72</span> <span class='ocrx_word' id='word_1_330' title='bbox 2799 4116 2881 4171; x_wconf 75' lang='lat' dir='ltr'>ist</span> <span class='ocrx_word' id='word_1_331' title='bbox 2919 4118 3058 4176; x_wconf 81' lang='lat' dir='ltr'>wol</span> 
     </span>
     <span class='ocr_line' id='line_1_35' title="bbox 419 4202 3060 4276; baseline 0.001 -16"><span class='ocrx_word' id='word_1_332' title='bbox 419 4222 489 4260; x_wconf 82' lang='lat' dir='ltr'>zu</span> <span class='ocrx_word' id='word_1_333' title='bbox 524 4207 889 4261; x_wconf 80' lang='lat' dir='ltr'>verbessern:</span> <span class='ocrx_word' id='word_1_334' title='bbox 956 4221 1081 4276; x_wconf 80' lang='lat' dir='ltr'>quae</span> <span class='ocrx_word' id='word_1_335' title='bbox 1117 4209 1367 4260; x_wconf 82' lang='lat' dir='ltr'>macerat</span> <span class='ocrx_word' id='word_1_336' title='bbox 1405 4221 1630 4260; x_wconf 82' lang='lat' dir='ltr'>carnem</span> <span class='ocrx_word' id='word_1_337' title='bbox 1667 4221 1837 4260; x_wconf 80' lang='lat' dir='ltr'>suam.</span> <span class='ocrx_word' id='word_1_338' title='bbox 1928 4208 1998 4258; x_wconf 82' lang='grc'>77</span> <span class='ocrx_word' id='word_1_339' title='bbox 2055 4205 2177 4258; x_wconf 86' lang='lat' dir='ltr'>dem</span> <span class='ocrx_word' id='word_1_340' title='bbox 2211 4204 2403 4259; x_wconf 89' lang='lat' dir='ltr'>Reime</span> <span class='ocrx_word' id='word_1_341' title='bbox 2437 4205 2583 4258; x_wconf 79' lang='lat' dir='ltr'>nach</span> <span class='ocrx_word' id='word_1_342' title='bbox 2619 4202 2733 4258; x_wconf 74' lang='lat' dir='ltr'>soll</span> <span class='ocrx_word' id='word_1_343' title='bbox 2769 4203 2876 4258; x_wconf 85' lang='lat' dir='ltr'>der</span> <span class='ocrx_word' id='word_1_344' title='bbox 2917 4208 3060 4262; x_wconf 79' lang='lat' dir='ltr'>Dat</span> 
     </span>
     <span class='ocr_line' id='line_1_36' title="bbox 404 4290 3058 4363; baseline 0.001 -16"><span class='ocrx_word' id='word_1_345' title='bbox 404 4295 611 4360; x_wconf 73' lang='lat' dir='ltr'>judicio</span> <span class='ocrx_word' id='word_1_346' title='bbox 648 4294 859 4349; x_wconf 77' lang='lat' dir='ltr'>stehen.</span> <span class='ocrx_word' id='word_1_347' title='bbox 932 4294 1002 4348; x_wconf 86' lang='grc'>78</span> <span class='ocrx_word' id='word_1_348' title='bbox 1040 4298 1097 4347; x_wconf 86' lang='lat' dir='ltr'>et</span> <span class='ocrx_word' id='word_1_349' title='bbox 1131 4292 1282 4347; x_wconf 80' lang='lat' dir='ltr'>kann</span> <span class='ocrx_word' id='word_1_350' title='bbox 1318 4291 1696 4363; x_wconf 79' lang='lat' dir='ltr'>wegbleiben.</span> <span class='ocrx_word' id='word_1_351' title='bbox 1766 4293 1848 4346; x_wconf 87' lang='grc'>79.</span> <span class='ocrx_word' id='word_1_352' title='bbox 1888 4292 1959 4346; x_wconf 85' lang='grc'>80</span> <span class='ocrx_word' id='word_1_353' title='bbox 1994 4291 2119 4346; x_wconf 80' lang='lat' dir='ltr'>sind</span> <span class='ocrx_word' id='word_1_354' title='bbox 2155 4291 2494 4359; x_wconf 84' lang='lat' dir='ltr'>verdorben,</span> <span class='ocrx_word' id='word_1_355' title='bbox 2533 4290 2656 4346; x_wconf 86' lang='lat' dir='ltr'>dem</span> <span class='ocrx_word' id='word_1_356' title='bbox 2698 4290 3058 4350; x_wconf 68' lang='lat' dir='ltr'>Vel-masse</span> 
     </span>
     <span class='ocr_line' id='line_1_37' title="bbox 420 4374 3060 4452; baseline 0 -16"><span class='ocrx_word' id='word_1_357' title='bbox 420 4382 566 4436; x_wconf 82' lang='lat' dir='ltr'>nach</span> <span class='ocrx_word' id='word_1_358' title='bbox 599 4381 847 4436; x_wconf 72' lang='lat' dir='ltr'>konnten</span> <span class='ocrx_word' id='word_1_359' title='bbox 884 4381 967 4435; x_wconf 75' lang='lat' dir='ltr'>sie</span> <span class='ocrx_word' id='word_1_360' title='bbox 1005 4397 1072 4435; x_wconf 82' lang='lat' dir='ltr'>so</span> <span class='ocrx_word' id='word_1_361' title='bbox 1109 4379 1327 4436; x_wconf 83' lang='lat' dir='ltr'>lauten:</span> <span class='ocrx_word' id='word_1_362' title='bbox 1395 4378 1491 4435; x_wconf 87' lang='lat' dir='ltr'>ubi</span> <span class='ocrx_word' id='word_1_363' title='bbox 1526 4396 1642 4435; x_wconf 91' lang='lat' dir='ltr'>non</span> <span class='ocrx_word' id='word_1_364' title='bbox 1670 4379 1843 4452; x_wconf 81' lang='lat' dir='ltr'>juvat</span> <span class='ocrx_word' id='word_1_365' title='bbox 1879 4374 2053 4434; x_wconf 85' lang='lat' dir='ltr'>filium</span> <span class='ocrx_word' id='word_1_366' title='bbox 2105 4410 2168 4420; x_wconf 91' lang='lat'><em>-</em></span> <span class='ocrx_word' id='word_1_367' title='bbox 2220 4384 2417 4449; x_wconf 79' lang='lat' dir='ltr'>pater,</span> <span class='ocrx_word' id='word_1_368' title='bbox 2465 4394 2570 4434; x_wconf 87' lang='lat' dir='ltr'>nec</span> <span class='ocrx_word' id='word_1_369' title='bbox 2607 4375 2758 4433; x_wconf 76' lang='lat' dir='ltr'>filius</span> <span class='ocrx_word' id='word_1_370' title='bbox 2795 4385 3060 4448; x_wconf 78' lang='lat' dir='ltr'>patrem.</span> 
     </span>
     <span class='ocr_line' id='line_1_38' title="bbox 418 4463 2774 4537; baseline -0.002 -15"><span class='ocrx_word' id='word_1_371' title='bbox 418 4469 491 4522; x_wconf 88' lang='grc'>81</span> <span class='ocrx_word' id='word_1_372' title='bbox 532 4483 713 4537; x_wconf 77' lang='lat' dir='ltr'>serve,</span> <span class='ocrx_word' id='word_1_373' title='bbox 751 4468 845 4523; x_wconf 78' lang='lat' dir='ltr'>Hs.</span> <span class='ocrx_word' id='word_1_374' title='bbox 919 4469 988 4522; x_wconf 83' lang='lat'>85</span> <span class='ocrx_word' id='word_1_375' title='bbox 1026 4464 1063 4522; x_wconf 86' lang='lat' dir='ltr'>f.</span> <span class='ocrx_word' id='word_1_376' title='bbox 1100 4467 1246 4524; x_wconf 80' lang='lat' dir='ltr'>ldaei.</span> <span class='ocrx_word' id='word_1_377' title='bbox 1319 4468 1389 4522; x_wconf 87' lang='grc'>86</span> <span class='ocrx_word' id='word_1_378' title='bbox 1424 4471 1664 4536; x_wconf 80' lang='lat' dir='ltr'>peccata</span> <span class='ocrx_word' id='word_1_379' title='bbox 1697 4466 1918 4521; x_wconf 81' lang='lat' dir='ltr'>macula</span> <span class='ocrx_word' id='word_1_380' title='bbox 1950 4463 2045 4520; x_wconf 82' lang='lat' dir='ltr'>Hs.</span> <span class='ocrx_word' id='word_1_381' title='bbox 2117 4465 2188 4520; x_wconf 90' lang='grc'>88</span> <span class='ocrx_word' id='word_1_382' title='bbox 2225 4464 2401 4520; x_wconf 81' lang='lat' dir='ltr'>coelos</span> <span class='ocrx_word' id='word_1_383' title='bbox 2437 4464 2642 4536; x_wconf 79' lang='lat' dir='ltr'>patriae</span> <span class='ocrx_word' id='word_1_384' title='bbox 2677 4464 2774 4518; x_wconf 81' lang='lat' dir='ltr'>Hs.</span> 
     </span>
    </p>
   </div>
   <div class='ocr_carea' id='block_1_5' title="bbox 74 4586 3063 4840">
    <p class='ocr_par' dir='ltr' id='par_1_19' title="bbox 74 4586 3063 4840">
     <span class='ocr_line' id='line_1_39' title="bbox 601 4586 3063 4666; baseline 0.001 -23"><span class='ocrx_word' id='word_1_385' title='bbox 601 4590 666 4643; x_wconf 83' lang='lat' dir='ltr'>V.</span> <span class='ocrx_word' id='word_1_386' title='bbox 703 4592 882 4646; x_wconf 83' lang='lat'>5-8.</span> <span class='ocrx_word' id='word_1_387' title='bbox 936 4590 1043 4666; x_wconf 78' lang='grc' dir='ltr'>χρὴ</span> <span class='ocrx_word' id='word_1_388' title='bbox 1086 4595 1165 4646; x_wconf 76' lang='grc' dir='ltr'>ἔτι</span> <span class='ocrx_word' id='word_1_389' title='bbox 1198 4593 1319 4646; x_wconf 75' lang='grc' dir='ltr'>νέον</span> <span class='ocrx_word' id='word_1_390' title='bbox 1356 4586 1486 4646; x_wconf 81' lang='grc' dir='ltr'><strong><em>ὄντα</em></strong></span> <span class='ocrx_word' id='word_1_391' title='bbox 1523 4590 1833 4664; x_wconf 77' lang='grc' dir='ltr'>φοβεῖσθαι</span> <span class='ocrx_word' id='word_1_392' title='bbox 1869 4589 2037 4656; x_wconf 75' lang='grc' dir='ltr'><strong><em>θεὸν,</em></strong></span> <span class='ocrx_word' id='word_1_393' title='bbox 2101 4588 2292 4645; x_wconf 69' lang='grc' dir='ltr'><strong><em>ἐλθεῖν</em></strong></span> <span class='ocrx_word' id='word_1_394' title='bbox 2339 4589 2434 4660; x_wconf 68' lang='grc' dir='ltr'>τὴν</span> <span class='ocrx_word' id='word_1_395' title='bbox 2480 4586 2580 4644; x_wconf 74' lang='grc' dir='ltr'>τοῦ</span> <span class='ocrx_word' id='word_1_396' title='bbox 2613 4586 2761 4644; x_wconf 76' lang='grc' dir='ltr'><em>θεοῦ</em></span> <span class='ocrx_word' id='word_1_397' title='bbox 2797 4589 3063 4664; x_wconf 68' lang='grc' dir='ltr'>μεγάλη»</span> 
     </span>
     <span class='ocr_line' id='line_1_40' title="bbox 74 4599 1935 4840; baseline -0.001 -109"><span class='ocrx_word' id='word_1_398' title='bbox 74 4599 378 4840; x_wconf 45' lang='lat' dir='ltr'>x</span> <span class='ocrx_word' id='word_1_399' title='bbox 422 4672 636 4748; x_wconf 73' lang='grc' dir='ltr'><em>ἡμέραν</em></span> <span class='ocrx_word' id='word_1_400' title='bbox 678 4683 769 4734; x_wconf 74' lang='grc' dir='ltr'>καὶ</span> <span class='ocrx_word' id='word_1_401' title='bbox 802 4679 1054 4754; x_wconf 78' lang='grc' dir='ltr'><em>φοβεράν.</em></span> <span class='ocrx_word' id='word_1_402' title='bbox 1105 4680 1324 4752; x_wconf 72' lang='lat' dir='ltr'>Greqor.</span> <span class='ocrx_word' id='word_1_403' title='bbox 1357 4678 1610 4734; x_wconf 55' lang='lat' dir='ltr'>Naa&#39;or.</span> <span class='ocrx_word' id='word_1_404' title='bbox 1647 4679 1731 4732; x_wconf 81' lang='lat'>53.</span> <span class='ocrx_word' id='word_1_405' title='bbox 1769 4692 1817 4732; x_wconf 91' lang='lat' dir='ltr'>c.</span> <span class='ocrx_word' id='word_1_406' title='bbox 1852 4680 1935 4731; x_wconf 83' lang='lat'>12.</span> 
     </span>
    </p>
   </div>
   <div class='ocr_carea' id='block_1_6' title="bbox 268 4839 383 4908">
    <p class='ocr_par' dir='ltr' id='par_1_20' title="bbox 268 4839 383 4908">
     <span class='ocr_line' id='line_1_41' title="bbox 268 4839 383 4908; baseline 0 -60"><span class='ocrx_word' id='word_1_407' title='bbox 268 4839 383 4908; x_wconf 33' lang='lat'>‚9-</span> 
     </span>
    </p>
   </div>
  </div>
 </body>
</html>
