3159 5259
383 309 518 377 314

383 496 503 565 His
545 494 671 579 piis
715 484 1045 561 exercitiis
1739 483 1884 550 Tibi
1928 483 2164 550 factori
2203 491 2566 569 temporum
2580 534 2599 568 ,

386 594 693 679 occupari
735 611 916 659 mens
961 590 1217 656 humilis
1509 590 1632 651 110
1740 588 1847 669 qui
1891 607 2054 652 vera
2095 587 2280 669 quies
2323 589 2657 673 mentium,

384 699 491 765 die
536 697 733 763 debet
775 695 1125 775 dominico,
1737 688 1822 753 sit
1863 689 2037 771 laus,
2083 687 2293 754 honor
2338 696 2405 754 et
2445 692 2659 773 gloria
2871 696 3020 760 115

386 801 537 867 dum
579 799 808 865 manus
854 805 1070 863 cessat
1114 794 1302 861 actio.
1741 789 1868 857 hac
1913 790 2019 855 die
2064 799 2131 856 et
2172 792 2240 856 in
2284 794 2542 859 saecula.

558 981 656 1038 Hs.
692 995 762 1034 zu
798 977 1115 1034 Karlsrulhe
1153 974 1301 1031 ohne
1336 973 1618 1043 Nummer‚
1656 974 1723 1026 15
1757 972 1952 1029 Jahrb.
1986 973 2088 1029 mit
2123 974 2226 1031 der
2258 976 2521 1034 melodis.

565 1104 601 1155 7
638 1101 847 1156 excitat
881 1100 974 1155 Hs.
1045 1100 1116 1152 56
1153 1102 1211 1153 et
1240 1096 1281 1152 f.
1312 1102 1417 1165 est,
1454 1097 1549 1151 Hs.
1619 1097 1690 1152 83
1726 1103 1853 1152 suet
1887 1094 1925 1152 1:
1962 1103 2095 1169 stet,
2129 1100 2223 1154 Hs.

559 1223 626 1283 V.
663 1227 692 1277 1
712 1224 839 1278 -4,
894 1222 1026 1277 Dies
1065 1220 1374 1275 dominicus
1414 1234 1527 1274 non
1566 1218 1781 1274 Judaeis
1833 1220 1934 1274 sed
1971 1221 2295 1276 christianis
2332 1221 2749 1278 resurrectione
2784 1222 3012 1281 domini

386 1311 709 1367 declaratus
740 1315 829 1366 est
864 1314 922 1364 et
956 1324 1027 1362 ex
1063 1306 1167 1362 illo
1197 1307 1407 1361 habere
1444 1305 1617 1375 coepit
1643 1303 2010 1361 festivitatem
2047 1322 2218 1362 suam.
2273 1307 2474 1362 animae
2510 1304 2714 1406 quip'pe
2752 1311 3009 1367 omnium

385 1403 709 1457 sanctorum
757 1403 889 1452 ante
937 1393 1409 1450 resurrectionem
1445 1392 1708 1461 corporis
1744 1397 1875 1447 sunt
1909 1393 2129 1463 quidem
2165 1392 2224 1448 in
2259 1394 2482 1465 requie,
2545 1396 2646 1449 sed
2682 1395 2738 1453 in
2774 1412 2847 1451 ea
2882 1414 3009 1453 non

371 1491 518 1544 -sunt
552 1486 806 1553 actione,
842 1483 954 1555 qua
989 1496 1237 1551 corpora
1271 1480 1502 1548 recepta
1536 1483 1889 1549 vegetantur.
1945 1478 2116 1534 talem
2151 1480 2358 1550 quippe
2394 1481 2674 1537 actionem
2709 1480 3009 1553 significat

390 1574 511 1628 dies
549 1578 814 1639 octavus,
878 1569 974 1640 qui
1022 1556 1080 1622 et
1113 1567 1354 1637 primus,
1410 1565 1540 1670 quia
1587 1582 1701 1621 non
1751 1561 1939 1620 aufert
1988 1564 2149 1621 illam
2175 1568 2478 1670 requiem,
2542 1569 2643 1623 sed
2690 1566 3012 1640 glorificat.

384 1663 652 1731 Auyudini
699 1657 857 1728 epist.
904 1658 992 1723 55,
1026 1656 1112 1708 23.
1186 1650 1376 1727 ὥσπερ
1413 1649 1447 1724 ἦ
1484 1649 1672 1726 πρώτη
1707 1655 1879 1713 κτίσις
1913 1649 2009 1720 τὴν
2045 1649 2228 1726 ἀρχὴν
2265 1650 2377 1710 ἀπὸ
2415 1654 2678 1730 κυριακῆς
2712 1654 3006 1728 λαμβάνει,

385 1745 526 1803 οὕτω
562 1748 651 1800 καὶ
688 1743 721 1815 ἦ
762 1742 987 1817 δευτέρα
1024 1737 1187 1794 πάλιν
1223 1738 1281 1793 ἐκ
1316 1736 1412 1808 τῆς
1451 1734 1619 1808 αὐτῆς
1656 1734 1914 1812 ἄρχεται,
1976 1735 2166 1814 πρώτη
2212 1735 2355 1799 οὖσα
2394 1741 2500 1799 τῶν
2547 1744 2659 1815 μετ’
2695 1739 2868 1813 αὐτὴν
2903 1747 3006 1800 καὶ

385 1831 592 1910 ὀγδοὰς
631 1829 740 1887 ἀπὸ
777 1828 883 1885 τῶν
919 1827 1029 1905 πρὸ
1066 1824 1254 1897 αὐτῆς·
1301 1826 1519 1896 Greqor.
1552 1826 1683 1881 Naz.
1721 1842 1802 1880 or.
1839 1828 1911 1881 43
1947 1842 2001 1896 p.
2028 1820 2151 1881 700.

558 1920 625 1976 V
678 1922 728 1974 2.
798 1934 1038 1973 summus
1089 1915 1286 1971 cultus.
1372 1913 1475 1969 Die
1530 1912 1810 1969 dominico
1876 1918 2011 1970 sunt
2063 1915 2292 1973 Christo
2340 1912 2646 1985 ⁸offerenda
2700 1914 3007 1975 sacrificia.

388 2008 601 2065 Hieron.
639 2008 763 2061 adv.
799 2004 1069 2076 vigilant.
1108 2004 1189 2056 10.

559 2093 624 2148 V.
661 2095 710 2148 9.
762 2093 1015 2162 Chryso-51.
1051 2088 1124 2142 ad
1151 2087 1362 2159 Stagir.
1399 2089 1449 2156 1,
1484 2088 1536 2142 6.
1607 2085 1826 2159 τοιαύτη
1863 2084 1896 2159 ἦ
1934 2087 2031 2159 τῆς
2066 2088 2289 2153 ἐλπίδος
2325 2089 2506 2160 ἰσχύς,
2544 2086 2609 2146 οὗ
2646 2088 3007 2160 καταισχύνει

389 2180 484 2238 τὸν
521 2177 878 2251 ἀπεχόμενον
913 2174 1081 2246 αὐτῆς
1116 2172 1429 2249 εἰλικρινῶς.

559 2266 624 2322 V.
664 2267 744 2321 18.
798 2261 1240 2334 superditissimi.
1305 2259 1632 2331 πτωχεύσας
1686 2259 1718 2317 ὁ
1753 2261 2018 2326 πλούσιος
2053 2262 2126 2317 δι’
2162 2258 2575 2334 &cazanum
2608 2262 2814 2333 πολλὴν
2851 2263 3008 2335 {pig-

387 2353 516 2417 τοὺς
550 2350 975 2422 πτωχεύσαντας
1012 2346 1082 2405 δι’
1121 2347 1391 2424 ἀκρασίαν
1425 2346 1558 2407 πότε
1597 2351 1886 2404 πλουτίσαι
1921 2347 2252 2423 βουλόμενος
2286 2354 2519 2425 ἔρχεται.
2566 2351 2687 2406 Jan.
2723 2354 2774 2405 2.

563 2440 629 2496 V.
664 2442 750 2495 35.
804 2440 1022 2509 (ἕτερον.
1067 2438 1198 2493 Naz.
1248 2451 1331 2493 or.
1378 2437 1449 2491 39
1502 2453 1556 2507 p.
1592 2437 1712 2491 627.
1765 2440 1899 2506 sagt
1945 2435 2086 2491 iiber
2136 2437 2241 2492 das
2289 2437 2652 2494 Verhffltniss
2698 2438 2798 2492 des
2845 2440 3007 2509 gobt-

385 2530 570 2585 lichen
606 2527 870 2583 Gesetzes
918 2542 1043 2581 zum
1094 2523 1508 2579 menschlichen
1543 2520 1726 2579 freien
1761 2523 2011 2578 Willen:
2075 2521 2277 2587 καθώς
2314 2522 2413 2580 οὐκ
2455 2521 2858 2597 ἐδοκιμάσαμεν
2893 2545 3007 2596 φυ-

387 2612 551 2682 λάξαι
586 2613 681 2685 τὴν
717 2610 949 2684 ἐντολὴν,
985 2608 1379 2687 παρεδόθημεν
1414 2611 1479 2683 τῇ
1513 2607 1812 2684 αὐτονομίᾳ
1847 2609 1946 2682 τῆς
1980 2607 2202 2682 πλάνης.
2275 2611 2477 2667 Melior
2512 2612 2681 2668 homo
2718 2617 2836 2680 est,
2900 2614 3004 2683 qui

387 2700 725 2768 voluntate,·
746 2714 908 2769 quam
945 2699 1040 2768 qui
1074 2698 1413 2755 necessitate
1450 2700 1632 2755 bonus
1672 2705 1773 2755 est.
1827 2699 2094 2755 voluntas
2128 2700 2305 2772 igitur
2342 2699 2530 2754 libera
2568 2698 2751 2754 danda
2786 2699 3007 2754 homini

385 2788 509 2845 fuit.
556 2789 818 2858 Auyustin.
858 2786 966 2841 div,
1004 2792 1200 2856 quaest.
1235 2791 1285 2842 2.
1353 2788 1592 2844 Frustra
1627 2786 1695 2842 de
1731 2785 1862 2842 fidei
1897 2786 2164 2843 libertate
2195 2787 2382 2843 securi
2418 2790 2565 2855 sunt,
2603 2787 2697 2856 qui
2731 2786 3004 2841 vitiorum

384 2875 679 2933 desideriis
720 2890 834 2931 non
871 2874 1154 2929 resistunt.
1210 2875 1365 2930 Leon.
1384 2891 1453 2930 m.
1484 2891 1647 2930 serm.
1683 2876 1770 2942 36,
1806 2877 1856 2929 4.

562 2961 629 3017 V.
664 2962 748 3016 40.
801 2960 1027 3015 articuli
1074 2958 1232 3031 fidei,
1288 2961 1338 3016 d.
1386 2962 1437 3016 h.
1487 2961 1808 3032 apostolica
1845 2957 1999 3016 fides.
2071 2958 2229 3018 Leon.
2275 2976 2342 3015 m.
2393 2974 2556 3016 serm.
2609 2961 2706 3029 66,
2744 2961 2793 3014 5.
2857 2960 3006 3017 oder

390 3047 825 3121 ἐκκλησιαστικός
861 3045 1053 3103 κάνων.
1103 3048 1341 3118 Οήρθηὶε
1375 3048 1562 3104 homil.
1602 3051 1652 3116 5,
1692 3051 1774 3102 14.
1845 3046 1903 3103 S.
1939 3048 2045 3105 No.
2081 3051 2134 3117 2,
2171 3050 2221 3103 9.
2331 3044 2338 3073 ⁸

563 3136 628 3193 V.
662 3138 747 3191 42.
799 3134 1098 3201 Sacerdoti
1132 3151 1357 3207 semper
1391 3152 1498 3208 pro
1535 3136 1749 3207 populo
1790 3133 2081 3192 offerenda
2114 3139 2245 3192 sunt
2281 3133 2576 3192 sacrificia.
2634 3135 2846 3190 Hieron.
2870 3135 3005 3190 adv.

386 3223 577 3282 Jovin.
615 3226 664 3294 1,
699 3225 785 3277 34.

566 3309 632 3365 V.
667 3311 750 3365 66.
805 3310 993 3364 Daher
1029 3306 1063 3380 ἡ
1101 3305 1200 3363 τοῦ
1233 3307 1358 3379 βίου
1394 3306 1510 3375 νύξ.
1550 3310 1791 3364 Triodion
1827 3309 1889 3377 B,
1926 3309 1977 3363 2.

562 3396 627 3450 V.
665 3398 747 3452 93.
800 3398 946 3452 nach
991 3395 1252 3451 Ezechiel
1302 3396 1364 3464 9,
1402 3398 1450 3449 4.
1519 3397 1811 3451 Ter-tullian.
1866 3395 1994 3450 adv.
2030 3396 2299 3454 Marcion.
2347 3400 2413 3468 3,
2447 3399 2532 3452 22.
2597 3397 2792 3452 littera
2828 3395 2874 3450 Τ
2913 3399 3004 3450 est

389 3481 606 3552 species
643 3482 853 3550 crucis,
909 3499 1073 3553 quam
1108 3483 1483 3553 portendebat
1520 3482 1842 3553 (Ezechiel)
1896 3479 2144 3539 futuram
2180 3485 2236 3542 in
2274 3483 2558 3542 frontibus
2599 3483 2811 3540 nostris
2850 3482 3002 3553 apud

387 3585 580 3624 veram
618 3569 950 3625 catholicam
986 3570 1350 3626 Hierusalem.
1421 3571 1551 3641 Vgl.
1590 3572 1825 3641 onqenis
1860 3572 2051 3626 select.
2087 3573 2145 3626 in
2179 3573 2453 3629 Ezechiel.
2490 3590 2535 3628 c.
2572 3575 2622 3628 9.

564 3656 628 3711 V.
667 3657 785 3711 104.
854 3656 1067 3712 militia.
1141 3659 1476 3729 Quicumque
1530 3658 1604 3712 ad
1651 3656 1781 3712 fidei
1828 3674 2071 3730 agonem
2125 3660 2409 3731 venimus,
2462 3660 2746 3714 luctamen
2799 3659 3003 3712 contra

390 3742 673 3817 malignos
711 3742 940 3814 spiritus
978 3746 1258 3801 sumimus.
1330 3747 1545 3817 Greyor.
1582 3748 1653 3801 M.
1689 3746 1832 3802 hom.
1871 3747 1927 3802 in
1967 3764 2052 3803 ev.
2088 3750 2141 3820 2,
2177 3752 2264 3818 32,
2300 3752 2351 3803 2.

966 4135 1137 4211 248.
1199 4137 1287 4208 ln
1341 4134 1589 4209 diebus
1642 4134 2074 4232 celebribus,
2114 4134 2434 4238 hymnuS.

397 4364 471 4432 In
518 4363 744 4431 diebus
791 4366 1158 4431 celebribus
1745 4364 2170 4446 Nequaquam
2214 4342 2366 4429 tuno
2409 4382 2592 4429 mens
2638 4372 2851 4447 exeat,
2962 4370 3002 4428 5

400 4467 782 4534 cessandum
827 4479 927 4533 est
970 4472 1052 4535 ab
1100 4470 1350 4535 actibus
1749 4464 1868 4529 sed
1912 4464 2190 4530 collecta
2234 4476 2615 4550 permaneat

397 4572 614 4635 vetitis
660 4580 727 4635 et
767 4572 1034 4655 illicitis,
1749 4567 1924 4652 apud
1970 4587 2116 4633 sese
2152 4570 2219 4634 in
2261 4571 2496 4635 intimis
2515 4619 2534 4654 ‚

403 4671 598 4753 quieti
640 4674 870 4737 mentis
912 4673 1155 4738 nocuis.
1751 4671 1987 4739 clausis
2032 4673 2328 4740 sensibus
2373 4672 2687 4758 corporis,
