3159 5259
2658 285 2793 354 12⁸

172 487 297 558 Aa
335 489 550 552 locum
594 483 1178 569 despecfflsimum
1532 486 1604 545 et
1646 479 1856 563 flagra
1899 488 2013 545 tua
2054 480 2242 547 vario
2701 479 2792 543 35

269 591 596 657 Calvariae
640 599 969 673 vocatum,
1166 600 1175 606 “
1346 585 1430 649 30
1623 588 1943 648 tormento
1987 584 2412 671 renovabant,

176 710 481 779 exosum,
529 694 1080 777 dedignissimum‚

267 799 626 864 latronibus
671 804 988 881 aptatum3
1534 747 1686 815 ’,ω
1729 754 1906 813 mum
1951 746 2373 830 ⁰⁰aesl¹¹³liter

1626 853 1932 917 vestitum
1976 852 2340 916 dividentes

178 962 310 1030 Ubi
345 963 485 1048 jam
529 959 914 1026 secundario
1538 963 1607 1021 et
1649 963 1874 1039 partes
1923 957 2250 1021 socialiter

270 1066 505 1130 milites
550 1072 616 1127 te
661 1061 991 1128 nudabant
1528 1080 1531 1089 ·
1626 1076 1709 1123 ex
1753 1060 1849 1122 eis
1893 1059 2243 1142 capientes.
2703 1055 2794 1118 40

366 1238 437 1290 23
472 1234 791 1304 praesertim
826 1232 1045 1288 scheint
1078 1231 1187 1286 mir
1222 1230 1375 1286 nicht
1408 1236 1541 1303 gut,
1601 1228 1714 1283 und
1759 1231 1963 1299 mique-3
2007 1228 2168 1281 ware
2203 1225 2349 1280 auch
2386 1224 2598 1277 besser.
2660 1216 2798 1294 vgl.

179 1325 293 1382 No.
328 1326 415 1394 82,
452 1326 553 1392 15„
588 1322 807 1378 welche
844 1321 1026 1378 Stelle
1064 1321 1168 1379 der
1200 1319 1430 1375 Dichter
1466 1318 1811 1374 nachahmte.
1881 1318 1951 1369 33
1984 1315 2108 1387 jam
2142 1310 2289 1368 fehlt
2321 1311 2414 1367 Hs.

1205 1554 1325 1679 97.
1391 1606 1489 1677 ad
1533 1612 1823 1676 sextam.
1949 1572 1954 1579 .

178 1776 301 1845 Ad
348 1762 595 1842 sextam
642 1793 785 1840 cum
830 1774 1132 1849 funiculis
1537 1779 1605 1836 et
1650 1768 2028 1850 sanguinem
2070 1765 2480 1829 stillaverant

276 1890 584 1946 extensus
628 1898 700 1944 es
740 1879 809 1942 in
855 1898 1048 1944 cruce
1633 1872 1837 1958 pedes
1882 1887 2235 1951 manusque
2278 1887 2481 1951 purae.

181 1994 255 2050 et
300 1984 468 2048 fixus
515 2002 657 2049 cum
701 1981 1034 2047 claviculis

277 2112 319 2156 a
364 2097 558 2175 gente
604 2090 791 2154 nimis
836 2096 1018 2153 truce
1544 2036 1683 2103 Sed
1727 2037 1894 2099 inter
1930 2033 2074 2098 haec
2112 2030 2461 2115 supplicia,

1636 2161 1784 2223 quae
1825 2138 2019 2203 valde
2065 2144 2130 2201 te
2176 2136 2562 2219 gravabant,
2709 2133 2796 2197 30

181 2259 319 2326 Per
352 2276 580 2343 poenas
622 2254 983 2321 ineffabiles
1398 2250 1439 2313 5
1544 2242 1919 2315 multimoda
1965 2240 2259 2306 convicia

275 2383 397 2447 per
441 2360 690 2445 palmas
735 2356 1220 2437 sacrosanctas,
1631 2346 1848 2415 Judaei
1890 2346 2007 2411 tibi
2049 2343 2324 2424 dabant,

186 2469 359 2533 sicut
401 2485 521 2550 per
563 2461 972 2531 venerabiles

280 2571 474 2636 etiam
519 2578 663 2633 tuas
708 2566 998 2652 plantas3
1544 2514 1885 2581 Dicentes:
1938 2507 2367 2594 „aegrotarios

1633 2617 1741 2681 hic
1785 2614 2020 2678 multos
2063 2628 2259 2675 sanos
2303 2610 2458 2675 fecit

186 2735 280 2805 Ut
324 2744 438 2801 tua
480 2728 655 2800 caro‘
674 2734 865 2818 regia
1548 2730 1744 2804 atque
1789 2718 2175 2800 languentes
2227 2715 2448 2778 varios
2467 2761 2485 2795 ,
2715 2712 2800 2775 35

280 2839 364 2904 sit
411 2840 595 2922 qnasi
638 2841 959 2921 lacerata,
1270 2898 1277 2905 ,
1359 2833 1442 2899 10
1634 2842 1807 2889 nunc
1852 2823 2105 2886 sibimet
2149 2813 2446 2883 defecit.“

190 2964 387 3029 quum
432 2951 544 3008 tua
587 2943 1005 3027 praeegregia

286 3050 415 3113 sint
456 3050 745 3112 membra
791 3052 1141 3109 numerata.
1547 2988 1698 3056 N⁰¹¹
1743 3003 1948 3051 mmm
1991 2983 2439 3065 monlpaverat

1639 3101 1705 3159 te
1748 3091 1918 3155 latro
1965 3086 2323 3151 sinistrinns
2337 3131 2356 3166 ‚

189 3215 367 3283 Hinc
414 3233 612 3299 supra
658 3211 1054 3297 epitaphium
1553 3218 1592 3261 e
1638 3202 1867 3261 contra
1910 3191 2385 3272 reprobaverat

284 3320 529 3385 Pilatus
576 3319 753 3383 cruci
797 3315 971 3397 fixit,
1637 3300 1810 3363 hunc
1851 3295 2020 3359 latro
2067 3290 2457 3356 dexterinus.
2714 3286 2800 3351 40

192 3444 324 3509 Per
368 3423 756 3538 “ipffrfflum
800 3418 1146 3533 graphiffm.
1364 3414 1444 3478 ¹⁵
1551 3451 1755 3521 Unius
1801 3447 2279 3532 obloquentium

289 3532 756 3609 conscriptum,
803 3539 930 3605 quo
979 3519 1214 3585 edixit:
1639 3559 1919 3640 benigne
1967 3553 2308 3635 sustulisti,

194 3680 368 3768 „Hic
410 3680 651 3745 Jhesus
695 3678 1103 3760 Nazarenus,
1554 3662 1718 3727 alius
1762 3658 2202 3744 poenitentiam

286 3804 408 3847 rex
451 3800 649 3846 verus
696 3780 1103 3861 Judaeorum,
1642 3763 1964 3845 condigne
2012 3757 2369 3842 suscepisti.

192 3885 427 3967 regale
475 3885 576 4003 {mi
621 3891 721 3947 est
763 3900 972 3965 genus
1553 3919 1642 3987 Et
1683 3920 1749 3983 in
1793 3936 1957 4001 rupe
2003 3911 2331 3979 Calvariae
2718 3908 2806 3969 45

288 3989 372 4052 de
417 3998 618 4072 stupe
664 3979 1117 4072 proavorum'“
1365 3981 1448 4044 ²⁰
1644 4031 1713 4088 tu
1754 4030 2025 4086 matrem
2071 4034 2281 4105 prope
2325 4019 2632 4093 stantem,

198 4128 257 4210 0
303 4163 466 4207 vere
510 4141 700 4206 dolor
744 4140 1004 4223 nimiuS,
1558 4136 1886 4195 carentem
1931 4126 2101 4189 omni
2145 4121 2354 4201 carie,

289 4266 436 4313 cum
487 4264 711 4311 omnes
753 4245 848 4309 tui
892 4243 1030 4308 cari
1643 4231 1861 4296 vidisti
1903 4230 2376 4307 lacrimantem3

194 4349 508 4416 viderunt
552 4357 617 4413 te
662 4347 995 4413 sublimius

285 4454 356 4518 in
401 4468 593 4518 cruce
638 4449 985 4516 sublevari·
1556 4385 1744 4453 Hanc
1787 4392 1897 4450 tuo
1942 4380 2457 4464 consanguineo,

1648 4510 1835 4574 quem
1877 4507 2054 4551 mere
2093 4485 2376 4550 dilexisti
2389 4533 2407 4569 ‚
2721 4480 2808 4546 50

196 4608 389 4677 Tunc
431 4624 579 4671 sese
624 4605 1058 4670 dilataverant
1366 4598 1449 4663 25
1556 4594 1875 4679 discipulo
1918 4592 2218 4675 virgineo
2279 4624 2286 4633 ·

212 4713 623 4791 „clavorum
665 4709 897 4779 fixurae
1642 4698 1686 4768 J
1691 4697 1927 4764 ohanni
1971 4695 2358 4773 commisisti.
