3159 5259
2651 320 2783 388 301

161 499 470 571 verlangt,
534 498 665 554 dass
714 498 1038 556 Timotheus
1084 500 1352 557 viererlei
1397 500 1611 557 Gebete
1658 498 1981 558 verricliten
2017 502 2157 558 soll:
2224 503 2528 578 παρακαλῶ
2565 501 2787 580 πρῶτον

165 585 392 643 πάντων
418 589 715 642 ποιεῖσθαι
740 583 968 657 δεήσεις,
994 586 1330 663 προσευχάς,
1363 585 1639 654 ἐντεύξεις,
1666 586 2021 663 ὂνχαριπίας
2047 586 2188 663 ὑπὲρ
2216 588 2431 647 πάντων
2450 588 2786 666 ἀνθρώπων,

166 675 417 731 obsecro
453 673 691 745 primum
738 674 981 728 omnium
1014 671 1140 730 fleri
1177 673 1633 743 obsecrationes,
1699 673 2017 741 orationes,
2071 673 2587 744 interpellationes,
2654 692 2786 747 gra-

0 763 139 834 ἐφ’.
162 762 378 819 tiarum
425 761 678 816 actiones
733 775 842 830 pro
899 760 1154 816 omnibus
1207 759 1541 818 hominibus.
1623 758 1780 815 Statt
1833 758 2259 814 obsecrationes
2312 766 2529 815 setzten
2577 760 2787 817 andere

0 866 19 901 ε
40 854 137 913 ὼε,
164 845 612 906 Handschriften
649 846 1081 917 deprecationes
1096 887 1111 917 ,
1163 850 1306 903 statt
1360 846 1655 902 orationes
1710 844 2074 901 adorationes
2088 886 2102 913 ‚
2164 846 2304 900 weil
2340 847 2421 900 sie
2458 846 2783 921 προσευχὰς

0 942 55 997 ι’.
71 944 129 1002 fi
161 936 442 992 wortlich
478 933 816 990 verstanden
830 973 845 1003 ,
894 950 1019 989 was
1055 934 1334 1006 Augustin
1369 930 1578 1002 tadelt;
1641 936 1783 987 statt
1817 930 2304 1002 interpellationes
2341 931 2536 987 hatten
2572 932 2785 987 andere
2907 1004 2922 1013 ·

0 1033 126 1091 {ast-g
165 1021 606 1094 postulationes.
675 1019 864 1078 Ueber
900 1019 1052 1075 disse
1087 1018 1492 1078 Unterschiede
1529 1023 1663 1090 sagt
1697 1034 1763 1073 er
1796 1032 1909 1074 nun
1942 1017 2295 1089 Folgendes:
2335 1033 2455 1073 cum
2473 1058 2487 1085 ,
2525 1018 2620 1089 qui
2654 1034 2784 1090 pre-

0 1138 30 1183 ι,
48 1139 117 1178 m
162 1114 350 1175 catur,
388 1113 532 1176 oret,
570 1113 629 1162 et
663 1106 758 1177 qui
794 1111 942 1175 orat,
978 1112 1270 1178 precetur,
1309 1105 1440 1177 quid
1475 1104 1588 1161 sibi
1621 1106 1765 1174 vult,
1801 1104 1952 1176 quod
1985 1104 2099 1160 ista
2132 1104 2215 1160 ita
2241 1104 2435 1175 posuit
2465 1106 2780 1177 apostolus,

0 1212 111 1282 ᾖ,
157 1200 233 1250 nt
286 1210 399 1250 non
449 1194 525 1250 sit
572 1209 767 1249 eorum
814 1193 1160 1265 negligenda
1212 1194 1543 1249 distinctio?
1598 1197 1837 1263 excepto
1892 1192 2082 1263 itaque
2137 1193 2359 1248 nomine
2414 1194 2669 1264 generali
2722 1198 2783 1250 et

0 1319 31 1354 2
46 1320 111 1357 ι
155 1281 335 1338 salva
369 1280 637 1352 loquendi
672 1280 1072 1336 consuetudine
1086 1320 1101 1348 ,
1154 1279 1455 1334 secundum
1492 1293 1655 1349 quam
1692 1278 1814 1333 sive
1843 1277 1997 1333 dicas
2033 1279 2444 1349 precationem,
2493 1279 2614 1333 sive
2651 1295 2783 1336 ora·

0 1388 57 1445 fi„
74 1411 101 1463 μ
153 1368 409 1436 tionem,
456 1369 577 1421 sive
612 1366 1126 1435 interpellationem
1160 1365 1259 1421 vel
1292 1365 1760 1436 postulationem,
1812 1379 1923 1419 una
1955 1363 2259 1434 eademque
2294 1379 2388 1418 res
2421 1365 2784 1436 intelligitur,

154 1453 361 1524 aliqua
398 1453 570 1507 etiam
606 1451 956 1523 singulorum
992 1452 1230 1507 istorum
1262 1450 1592 1522 proprietas
1626 1450 1962 1521 inquirenda
1999 1454 2114 1518 est,
2164 1451 2266 1504 sed
2301 1450 2375 1505 ad
2409 1467 2531 1506 eam
2568 1452 2779 1522 liquido

0 1572 99 1631 ,φή
156 1539 467 1612 pervenire
516 1535 747 1593 difficile
795 1543 900 1593 est.
969 1536 1146 1592 multa
1193 1536 1399 1607 quippe
1436 1537 1565 1592 binc
1614 1535 1724 1590 dici
1770 1542 2037 1607 possunt,
2101 1552 2224 1608 quse
2261 1537 2631 1607 improbanda
2666 1555 2780 1595 non

0 1618 97 1711 ᾖ
160 1625 296 1681 sint.
367 1624 483 1681 Sed
528 1624 685 1696 eligo
729 1625 788 1679 in
836 1623 926 1678 his
974 1623 1167 1679 verbis
1216 1624 1329 1678 hoc
1369 1623 1722 1694 intelligere,
1786 1625 1928 1694 quod
1958 1628 2124 1680 omnis
2157 1628 2244 1680 vet
2268 1640 2419 1694 poene
2455 1629 2622 1681 omnis
2651 1626 2779 1696 fre-

0 1704 83 1800 u:
160 1716 383 1784 quentat
407 1715 635 1783 ecclesia,
672 1716 734 1765 ut
754 1714 1085 1782 precationes
1109 1709 1450 1780 accipiamus
1478 1709 1676 1778 dictas,
1714 1726 1842 1781 quas
1871 1710 2097 1780 facimus
2131 1714 2188 1766 in
2221 1712 2563 1769 celebratione
2595 1727 2779 1768 sacra-

0 1836 83 1889 ,Β
156 1801 484 1865 mutorum,
521 1801 796 1867 antequam
830 1798 978 1866 illud,
1018 1798 1158 1868 quod
1188 1800 1352 1852 estin
1387 1797 1582 1852 dommi
1614 1811 1812 1866 mensa,
1844 1801 2052 1867 incipiat
2086 1798 2313 1853 benedici
2347 1798 2508 1868 (also
2545 1800 2636 1855 die
2671 1799 2778 1858 Ge·

0 1880 79 1977 'm'
154 1884 299 1940 bete
332 1900 466 1938 vom
498 1883 759 1954 Eingang
793 1883 896 1938 der
928 1883 1113 1941 Messe
1149 1882 1239 1937 bis
1274 1899 1377 1938 zur
1410 1880 1856 1953 Aufopferung),
1894 1887 2185 1955 orationes,
2221 1900 2340 1940 cion
2374 1887 2693 1942 benedicitur
2727 1892 2781 1944 et

0 2028 73 2066 m.
156 1970 519 2038 sanctificatur
570 1975 619 2025 et
675 1972 749 2025 ad
800 1971 1205 2026 distribuendam
1250 1974 1613 2027 committititur
1626 2011 1641 2040 ,
1691 1985 1846 2041 quam
1891 1974 2048 2026 totam
2095 1976 2389 2042 petitionem
2437 1974 2560 2042 sere
2613 1979 2781 2030 omnis

155 2060 381 2113 ecclesia
414 2057 671 2113 ἀοηιὲπίοά
696 2060 931 2112 oratione
965 2057 1223 2112 concludit
1256 2056 1377 2127 (die
1414 2055 1626 2112 Gebete
1660 2072 1776 2111 von
1814 2055 1915 2110 der
1951 2054 2249 2113 Prfifation
2285 2057 2374 2112 bis
2412 2075 2537 2113 zum
2570 2060 2776 2116 Vater-

54 2204 65 2233 1
155 2146 382 2213 unser).
452 2142 541 2199 Ad
587 2159 750 2213 quem
794 2142 1140 2198 intellectum
1186 2144 1358 2198 etiam
1404 2140 1566 2198 verbi
1602 2143 1781 2214 graeci
1816 2143 1985 2215 origo
2026 2160 2130 2201 nos
2166 2145 2416 2218 adjuvat.
2472 2163 2601 2202 nam
2633 2163 2775 2219 eam,

0 2209 63 2332 ’ᾗ
158 2245 332 2305 quam
367 2230 557 2285 dicunt
593 2227 777 2299 εὐχήν,
813 2244 949 2285 raro
983 2229 1066 2284 ita
1099 2229 1380 2301 scriptura
1405 2229 1581 2300 ponit,
1620 2234 1685 2283 ut
1711 2228 2067 2302 intelligatur
2094 2236 2282 2300 oratio,
2319 2232 2421 2287 sed
2447 2231 2777 2304 plerumque

161 2319 229 2371 et
262 2315 438 2371 multo
474 2317 738 2374 usitatius
773 2321 947 2373 votum
980 2316 1238 2387 appellat
1270 2313 1452 2387 εὐχήν,
1487 2315 1807 2391 προσευχὴν
1841 2332 1984 2373 vero
2020 2333 2244 2389 semper
2270 2323 2560 2375 orationem
2587 2327 2776 2377 vocat.

152 2415 343 2473 porro
380 2402 433 2456 si
468 2404 728 2460 usitatius
762 2403 822 2457 in
856 2401 1153 2474 scripturis
1190 2405 1366 2459 votnm
1411 2402 1736 2473 appellatur
1770 2398 1904 2475 εὐχή
1918 2443 1933 2472 ,
1984 2408 2224 2475 excepto
2257 2405 2481 2462 nomine
2517 2405 2773 2478 generali

155 2488 458 2558 orationis,
493 2505 565 2545 ea
597 2489 832 2561 proprie
867 2488 1240 2562 intelligenda
1275 2494 1365 2545 est
1399 2489 1607 2559 oratio,
1645 2505 1801 2561 quam
1823 2490 2048 2560 facimus
2084 2493 2158 2547 ad
2189 2496 2376 2561 vohun,
2411 2491 2472 2547 id
2508 2498 2598 2547 est
2630 2491 2775 2567 πρὸς

159 2575 343 2648 εὐχήν.
413 2577 709 2634 Voventur
741 2584 928 2635 autem
963 2578 1165 2648 omnia,
1203 2592 1328 2649 quae
1368 2575 1684 2635 offeruntur
1712 2579 1838 2648 deo,
1873 2582 2110 2637 mxime
2144 2582 2308 2634 sancti
2341 2581 2526 2635 altaris
2570 2579 2774 2650 contio,

160 2679 276 2735 quo
304 2669 659 2721 sacramento
694 2664 1035 2736 praedicatur
1070 2668 1328 2721 nostrum
1364 2664 1507 2721 illud
1540 2670 1738 2722 votum
1771 2666 2092 2735 maximum,
2129 2681 2241 2736 quo
2277 2681 2383 2722 nos
2418 2665 2679 2722 vovimus
2714 2667 2774 2721 in

159 2752 399 2810 Christo
443 2767 569 2806 esse
617 2766 943 2820 mansuros,
1007 2749 1199 2821 utique
1244 2750 1304 2805 in
1350 2766 1627 2823 compage
1676 2752 1935 2822 corporis
1984 2752 2207 2810 Christi.
2265 2754 2429 2827 quus
2462 2753 2549 2807 rei
2584 2768 2775 2809 sacra·

158 2843 406 2895 mentum
442 2843 559 2906 est,
596 2837 746 2907 quod
781 2853 922 2892 unus
959 2838 1152 2907 panis,
1188 2854 1355 2894 unum
1391 2853 1602 2909 corpus
1637 2838 1798 2894 multi
1834 2854 2020 2894 sumus
2056 2844 2120 2909 (1
2157 2841 2287 2898 Cor.
2329 2841 2417 2909 10,
2453 2844 2569 2909 17).
2638 2840 2774 2897 Ideo

0 2912 31 2949 ³⁷⁵
155 2932 217 2984 in
247 2928 403 2993 Iturius
434 2923 851 2993 sanctificationis
892 2929 1280 2995 proepuratione
1327 2924 1497 2996 (also
1533 2925 1594 2980 in
1629 2924 1730 2980 der
1765 2923 2106 2996 Prifation)
2154 2926 2411 2982 existimo
2449 2926 2774 2997 apostolum

0 2998 35 3087 ρι’
147 3014 401 3089 jussisse
443 3011 676 3082 proprie
710 3008 839 3066 fieri
873 3009 1219 3086 προσευχάς,
1266 3010 1324 3066 id
1357 3015 1448 3067 est
1482 3015 1772 3081 orationes,
1818 3012 1930 3069 hoc
1968 3017 2058 3067 est
2090 3013 2164 3067 ad
2196 3016 2381 3067 voum
2457 3013 2773 3082 Interpella-

0 3088 27 3127 ⁵
158 3105 325 3157 &oues
358 3102 563 3165 autem,
601 3097 737 3167 sive,
772 3102 837 3152 ut
870 3098 1050 3153 vestri
1085 3097 1311 3153 codices
1346 3097 1573 3165 liabent,
1605 3100 1989 3168 postulationes,
2024 3094 2180 3164 flunt,
2215 3112 2333 3152 cum
2351 3099 2575 3166 populus
2608 3098 2772 3153 bene-

4 3176 27 3211 *
159 3188 348 3242 dicim
383 3183 663 3254 (namneti
698 3200 806 3240 vor
833 3184 959 3239 dem
982 3181 1264 3256 Empfang
1291 3185 1390 3240 des
1417 3185 1470 3239 h.
1497 3183 1890 3254 Abendmals).
1923 3189 2058 3238 tunc
2094 3183 2239 3238 enim
2273 3182 2577 3251 antistites,
2616 3182 2775 3239 velut

0 3262 23 3307 ¹⁶
158 3272 451 3341 advocati,
515 3275 810 3342 susceptos
855 3286 991 3326 suos
1034 3285 1138 3342 per
1170 3287 1356 3328 mmm
1389 3275 1762 3343 intpositionem
1807 3268 2346 3325 misericordissimae
2385 3265 2632 3325 offerunt
2668 3286 2771 3341 po-

156 3359 369 3416 testati.
439 3357 649 3426 Quibus
695 3358 942 3429 peractis
995 3362 1056 3414 et
1096 3362 1407 3430 participato
1453 3362 1599 3415 tanto
1644 3361 1970 3414 sacramento
2017 3356 2195 3427 (nach
2241 3356 2343 3412 der
2376 3356 2773 3427 communion)

154 3451 449 3519 qratiamm
482 3449 616 3501 actio
651 3450 851 3500 cuncta
887 3442 1199 3515 concludit,
1235 3461 1401 3517 quam
1425 3446 1485 3501 in
1519 3445 1610 3501 bis
1647 3444 1819 3501 etiam
1852 3443 2045 3500 verbis
2079 3443 2331 3499 ultimam
2363 3443 2774 3500 commendavit

156 3531 468 3603 apostolus.

331 3652 502 3710 Diese
536 3652 719 3707 Stelle
755 3652 908 3707 kann
942 3652 1269 3725 exegetisch
1319 3653 1433 3709 und
1466 3653 1770 3725 liturgisch
1804 3652 2118 3709 beurtbeilt
2149 3652 2396 3711 werden.
2470 3650 2532 3707 ln
2566 3651 2771 3709 letzter

154 3739 412 3797 Einsicbt
444 3739 687 3795 beweist
718 3740 806 3794 sie
845 3739 991 3795 zwei
1026 3740 1409 3797 Thatsachen:
1466 3744 1531 3810 1)
1566 3740 1917 3812 Augustinus
1952 3742 2054 3798 hat
2089 3740 2179 3795 die
2216 3740 2397 3813 ganzo
2432 3741 2617 3796 Messe
2651 3739 2768 3795 und

154 3827 317 3882 ihren
350 3827 833 3898 zusammenhang
868 3826 955 3882 als
992 3826 1117 3882 eine
1152 3827 1348 3899 langst
1383 3826 1723 3883 bestehende
1757 3827 2128 3899 Einrichtung
2161 3827 2438 3898 gelant,
2493 3827 2605 3881 wie
2642 3825 2766 3880 dies

159 3912 301 3968 auch
348 3928 449 3971 aus
497 3913 691 3968 seinen
737 3913 981 3985 iibrigen
1027 3912 1411 3970 vereinzelten
1442 3915 1880 3986 Aeusserungen
1925 3910 2354 3970 unzweifelhast
2385 3912 2770 3984 hervorgebt3

156 4000 227 4066 2)
274 4013 339 4052 er
385 3998 606 4056 erklfirt
652 3999 741 4054 die
774 4001 961 4056 Messe
1008 3997 1104 4056 fiir
1143 4001 1307 4056 eiuen
1353 4001 1777 4072 apostolischen
1826 4000 2239 4071 Gottesdienst,
2299 3996 2394 4054 ffir
2428 3999 2552 4053 eine
2587 4000 2768 4053 schon

158 4088 324 4140 unter
358 4084 465 4139 den
498 4086 776 4155 Aposteln
810 4087 1176 4143 vorhandene
1214 4084 1644 4143 festbestimmte
1678 4087 2041 4159 Anordnung.
2112 4086 2244 4144 Han
2276 4084 2426 4140 wird
2454 4079 2768 4156 jedenfalls

155 4169 410 4240 zugeben
456 4173 676 4226 miissen
691 4212 706 4240 ,
772 4171 904 4227 dass
955 4172 1047 4227 die
1095 4173 1223 4228 vier
1257 4177 1574 4244 genannten
1609 4175 1790 4231 Arten
1837 4172 1939 4228 der
1974 4173 2184 4231 Gebete
2229 4172 2395 4227 keine
2430 4171 2593 4226 blose
2627 4166 2767 4226 Auf-

158 4256 366 4330 zfflung
399 4273 515 4313 von
550 4258 917 4330 synonymen
953 4259 1094 4328 sind,
1132 4259 1279 4317 deun
1317 4259 1400 4316 sie
1434 4261 1596 4316 wire
1632 4259 2061 4332 unvollstindig
2094 4260 2207 4315 und
2242 4258 2396 4314 nicht
2429 4256 2763 4325 abzusebem

156 4360 374 4400 warum
410 4344 501 4400 die
536 4345 777 4418 iibrigen
813 4347 1177 4419 Synonymen
1213 4343 1418 4403 fehlen.
1490 4348 1998 4404 Beachtenswerth
2032 4348 2110 4402 ist
2144 4344 2379 4416 bien-bei,
2416 4343 2550 4399 dass
2584 4344 2763 4416 Chry-

154 4436 438 4489 sostomus
487 4433 548 4487 in
599 4432 789 4488 seiner
839 4434 1048 4489 dritten
1094 4433 1331 4507 Predigt
1383 4434 1617 4506 (homil.
1673 4437 1726 4504 3,
1766 4437 1843 4505 3)
1900 4432 1989 4488 die
2042 4434 2299 4489 Zuhorer
2351 4426 2630 4487 ebenfalls
2691 4447 2764 4486 zu

152 4518 419 4575 viererlei
454 4518 702 4576 Gebeten
738 4517 1057 4576 auffordert
1075 4561 1090 4590 ,
1152 4537 1280 4577 was
1312 4537 1444 4577 man
1480 4521 1628 4578 doch
1660 4521 1762 4577 mit
1794 4520 1975 4577 Recht
2008 4518 2117 4575 auf
2144 4519 2234 4576 die
2275 4517 2633 4591 Messgebete
2667 4517 2765 4572 be-

153 4605 348 4661 zieben
383 4603 538 4679 darf,
591 4606 729 4663 weil
765 4606 853 4661 die
888 4606 1127 4681 Predigt
1159 4608 1305 4664 nach
1342 4608 1466 4664 dem
1499 4608 1868 4679 Evangelium
1906 4608 2175 4678 gehalten
2208 4606 2408 4663 wurde
2428 4646 2444 4676 ,
2507 4604 2634 4660 also
2670 4602 2762 4658 die

142 4688 574 4767 Aufforderung
609 4693 669 4752 iu
704 4692 815 4751 den
849 4690 1058 4749 darauf
1087 4691 1396 4769 folgenden
1428 4692 1828 4767 Messgebeten
1862 4692 1986 4750 ihre
2023 4692 2353 4768 geniigende
2379 4690 2763 4765 Begriindung

17 2102 69 2153 Ῐι

0 2370 55 2420 ἐκ

2 2468 53 2507 ’πί

0 2558 47 2597 ts

0 2629 45 2687 r?

0 2736 43 2774 ff.

0 2814 39 2876 'f'ffl
