3159 5259
445 465 589 534 Nec
614 463 803 548 jussa
837 461 1003 545 legis
1040 461 1265 526 abnuit

445 586 747 649 servare,
786 566 893 649 qui
928 565 1142 648 legem
1180 561 1390 646 dedit,

445 673 595 738 dum
630 672 753 735 rite
789 667 1264 735 circumciditur

444 776 678 859 deique
717 773 958 857 templo
996 770 1259 834 sistitur.

440 943 556 1013 Ad
590 951 747 1008 vota
780 950 931 1026 post
968 938 1338 1022 sollemnia,
1444 963 1449 972 ·

445 1069 591 1115 cum
626 1048 737 1112 lux
772 1046 1019 1111 rediret
1054 1065 1298 1127 annua,

432 1157 664 1217 'comes
700 1170 866 1234 puer
900 1145 1279 1233 parentibus

444 1273 654 1320 sacrae
691 1253 862 1319 subit
894 1254 1087 1319 limen
1126 1253 1373 1319 domus.

441 1429 843 1498 Doctissimis
879 1430 985 1494 hic
1019 1432 1315 1516 patribus

441 1536 590 1622 plus
627 1536 766 1619 ipse
805 1535 1033 1600 doctus
1071 1536 1328 1601 additus

441 1657 575 1707 non
612 1659 683 1703 se
721 1639 1016 1704 docendo
1052 1640 1375 1724 praetulit,

443 1744 566 1809 sed
602 1742 923 1809 audiendo
966 1741 1265 1807 subdidit.

443 1912 798 1982 Lavandus
837 1918 1062 1977 auctor
1099 1912 1335 1994 gratiae

444 2015 641 2083 undae
678 2016 818 2079 sinu
847 2013 1212 2098 jordanicae

448 2119 622 2184 omui
658 2135 888 2182 carens
924 2116 1229 2198 contagio

446 2223 821 2288 summissus
856 2229 960 2287 est
994 2229 1061 2286 et
1096 2222 1379 2287 servulo.

443 2393 719 2462 Aeeitus
755 2403 822 2460 et
859 2395 1172 2461 conviviis

445 2518 578 2563 non
613 2506 767 2562 nata
801 2499 955 2560 vina
990 2497 1227 2582 nuptiis

447 2598 562 2665 illa
598 2599 776 2663 dedit
810 2599 1119 2684 potentiA,

444 2726 572 2792 per
608 2725 798 2788 quam
838 2706 1086 2771 creavit
1123 2704 1353 2769 omnia.

450 2879 740 2959 Quantos
768 2880 1063 2966 jubendo
1098 2880 1441 2964 languidos

446 2982 741 3048 effecerit
777 2983 1177 3065 sanissimos,

444 3106 573 3153 nec
605 3106 787 3151 mens
823 3094 1043 3171 potest
1079 3086 1423 3168 evolvere,

445 3208 573 3255 nec
605 3208 739 3253 vox
773 3189 953 3253 valet
989 3188 1395 3272 depromere.

449 3361 738 3441 Quantos
775 3365 856 3428 ab
894 3364 1040 3448 ipso
1076 3365 1307 3429 funere

447 3470 605 3532 vitae
641 3467 919 3531 referret
953 3471 1277 3553 pristinae,

446 3573 783 3659 praedatus
819 3573 1045 3638 horret
1082 3583 1396 3657 tartaruS,

450 3677 689 3742 ditatus
725 3677 973 3742 exultat
1005 3677 1215 3764 polus.

444 3867 771 3952 Numquid
804 3869 1175 3954 pedestrem
1219 3872 1539 3940 tramitem

447 3975 662 4058 pressi
695 3975 893 4040 maris
927 3976 1355 4061 pronuntiem,

449 4099 593 4145 cum
630 4099 701 4146 se
736 4081 987 4148 tonanti
1023 4087 1347 4145 sterneret

448 4182 679 4249 fluctus
715 4185 1031 4268 flatusque
1069 4184 1390 4251 cederet?

449 4372 672 4452 Quinis
706 4377 994 4443 virorum
1030 4378 1313 4445 millibus

448 4497 533 4544 ex
572 4479 850 4562 quinque
876 4484 1117 4548 victum
1151 4483 1431 4568 panibus

449 4584 608 4648 satis
644 4602 967 4669 superque
1002 4588 1314 4672 praebuit,

440 4689 748 4774 augendo
786 4688 961 4773 quod
994 4691 1331 4777 superfuit.

1612 665 1696 730 35

1612 1255 1699 1319 40

1615 1914 1699 1980 45

1616 2499 1700 2564 50

1619 3088 1704 3151 55

1620 3680 1702 3745 60

1619 4380 1704 4442 65

1798 452 1906 521 Ex
1939 454 2136 539 plebe
2173 460 2544 524 sanctorum
2579 454 2790 521 tribus

1802 577 2023 626 eoram
2058 558 2289 623 locatis
2324 560 2598 624 testibus
2999 562 3080 626 '10
3141 575 3142 578 ’

1801 682 1874 726 se
1911 661 2385 744 transfigurans
2419 662 2486 725 in
2522 681 2763 728 novam

1799 773 1872 832 ut
1908 763 2007 829 sol
2043 763 2295 828 refulsit
2330 763 2624 847 gloriam.

1799 933 2018 1000 Lucro
2053 940 2365 999 vacantes
2400 933 2598 1019 impio

1803 1041 2139 1104 eliminans
2175 1038 2367 1104 sacra
2399 1040 2600 1104 domo

1804 1144 2194 1228 caedensque
2232 1145 2456 1227 flagris
2497 1143 2749 1227 asperis
3007 1145 3080 1207 75

1804 1254 1905 1312 est
1939 1247 2112 1313 ultus
2149 1246 2460 1312 offensam
2497 1245 2720 1331 patris.

1801 1418 1921 1486 Est
1955 1419 2106 1484 inde
2142 1437 2344 1503 passa
2379 1419 2758 1484 scandalum

1803 1543 1985 1588 mens
2019 1524 2382 1588 invidorum
2426 1524 2793 1607 principum

1803 1627 1994 1698 morti
2031 1626 2295 1692 studens
2331 1625 2504 1692 hunc
2540 1626 2847 1704 tradere,

1807 1732 1916 1814 qui
1951 1738 2225 1798 venerat
2259 1731 2462 1796 vitam
2501 1729 2680 1795 dare.
2998 1733 3072 1797 8⁰

1804 1908 1984 1974 Tunc
2012 1907 2300 1993 judicari
2331 1909 2649 1993 praetulit,

1805 2033 1994 2097 quem
2020 2013 2311 2097 judicem
2345 2011 2617 2077 mundus
2655 2012 2921 2097 tremit,

1803 2127 2002 2202 caput
2036 2119 2296 2200 subegit
2331 2119 2650 2200 sentibus,

1802 2223 2049 2289 vultum
2084 2230 2419 2306 sputorum
2454 2222 2775 2287 sordibus.

1799 2395 2270 2462 Commercium
2304 2396 2599 2461 mirabile
2613 2444 2631 2479 ,
2981 2397 3066 2465 85

1807 2521 2026 2568 rerum
2063 2502 2240 2585 quod
2277 2509 2506 2567 auctor
2540 2501 2609 2566 in
2644 2520 2844 2568 cruce

1805 2606 1977 2672 ultro
2014 2605 2242 2668 volens
2278 2611 2550 2669 mortem
2585 2604 2725 2687 pati
2761 2685 2770 2693 ,

1806 2729 1881 2774 se
1918 2730 2115 2776 carue
2149 2709 2442 2793 permisit
2476 2708 2660 2772 mori.

1804 2879 1966 2947 Post
2000 2881 2325 2946 dormiens
2361 2899 2588 2946 somno
2624 2898 2745 2946 suo

1807 2992 2006 3051 terrae
2042 2986 2286 3069 quievit
2319 2986 2560 3051 lectulo
2577 3033 2595 3068 ,
2999 2985 3073 3050 90

1807 3089 2048 3158 frustra
2086 3092 2360 3156 cubante
2395 3089 2598 3154 milite

1807 3191 1895 3257 ad
1929 3194 2120 3257 busta
2157 3191 2378 3257 clausa
2413 3189 2651 3276 lapide.

1805 3366 1973 3433 Nam
2007 3367 2219 3432 fracta
2250 3365 2417 3432 Ditis
2461 3364 2631 3430 ostia

1806 3472 2047 3536 virtute
2083 3473 2315 3538 stravit
2350 3469 2619 3557 propria
2633 3519 2651 3554 ,
3137 3473 3138 3522 l

1806 3577 2157 3659 mortisque
2193 3576 2368 3660 rupit
2402 3576 2662 3640 vincula
3002 3577 3074 3642 95

1806 3679 2090 3763 vicitque
2125 3699 2334 3762 regna
2370 3676 2617 3762 pallida

1807 3869 1927 3938 Sol
1963 3871 2072 3935 ille
2109 3869 2666 3955 splendidissimus

1805 3976 1949 4044 imis
1984 3975 2319 4059 refulgens
2354 3975 2689 4055 Manibus,

1809 4099 2000 4164 quem
2035 4079 2213 4145 nulla
2247 4097 2380 4144 nox
2412 4076 2775 4162 intercipit,

1807 4202 1931 4249 uec
1967 4182 2168 4248 densa
2201 4185 2408 4249 nubes
2453 4180 2710 4246 occulit.
2955 4181 3078 4246 1⁰⁰

1804 4371 2062 4441 Laxata
2095 4392 2247 4438 mox
2283 4372 2663 4458 captivitas,

1807 4477 2000 4543 sedes
2035 4479 2262 4543 revisit
2297 4479 2580 4560 caelicas,

1810 4601 2000 4667 quam
2035 4584 2245 4668 prima
2279 4583 2468 4648 labes
2501 4580 2742 4664 intulit,

1810 4686 1959 4753 dum
1993 4689 2437 4774 protoplastus
2473 4686 2736 4755 corruit.
