3159 5259
319 348 461 417 164

1066 739 1231 814 124.
1305 738 1423 812 De
1475 735 1738 810 eadem.
1813 730 1905 803 ad
1952 753 2205 830 genua.

320 926 531 996 Salve
574 928 759 993 salve
774 974 792 1010 ‚
837 945 959 990 rex
1002 932 1404 1010 sanctorum,
1685 919 1896 989 Amor
1940 926 2086 983 tuus
2120 934 2312 981 >amor
2356 915 2543 981 fortis
2558 964 2579 1000 ‚

323 1049 485 1116 spes
529 1014 755 1095 votiva
797 1033 1241 1112 peccatorum,
1689 1045 1879 1109 quem
1922 1041 2052 1087 non
2095 1022 2363 1085 vincunt
2396 1019 2554 1103 jura
2595 1023 2861 1106 mortis,

323 1135 400 1201 in
435 1133 565 1199 hoc
604 1132 785 1216 ligno
830 1139 1132 1214 tanquam
1170 1150 1324 1196 reus
1690 1147 1730 1194 o
1777 1148 1965 1212 quam
2008 1127 2120 1211 pia
2162 1142 2265 1189 me
2310 1127 2430 1189 sub
2475 1144 2633 1191 cura

323 1235 625 1322 pendens
669 1252 865 1299 verus
911 1235 1363 1317 homo-dem,
1688 1241 1800 1298 tua
1844 1231 2030 1295 foves
2074 1230 2139 1292 in
2185 1244 2525 1312 pressura,

421 1338 684 1405 caducis
726 1346 958 1404 nutans
1002 1340 1308 1423 genibus!
1541 1339 1580 1400 5
1776 1353 1859 1399 ne
1905 1350 2124 1396 morsu
2170 1330 2393 1394 mortis
2438 1332 2763 1397 vulnerer.
2862 1334 2951 1399 30

325 1497 390 1568 0
436 1520 626 1584 quam
669 1520 950 1587 pauper,
997 1519 1038 1566 o
1084 1522 1274 1585 quam
1317 1501 1545 1586 nudus,
1690 1497 1867 1563 Ecce
1913 1505 2023 1561 tuo
2066 1516 2191 1581 pro
2238 1516 2459 1562 amore

327 1606 543 1688 qualis
593 1624 666 1669 es
712 1606 778 1669 in
824 1624 1018 1670 cruce
1054 1607 1242 1671 ludus
1261 1656 1279 1691 ,
1690 1611 1757 1666 te
1805 1602 2200 1686 complector
2244 1621 2385 1667 cum
2432 1604 2702 1683 rubore,

329 1705 696 1771 derisorum
731 1706 924 1791 jocus
969 1706 1213 1791 factm,
1690 1728 1793 1772 me
1839 1714 2075 1791 coapto
2121 1705 2497 1788 diligenter,

329 1816 568 1892 sponte
611 1815 857 1890 tamen,
902 1827 1034 1873 non
1079 1818 1375 1893 coactus,
1692 1820 1763 1879 tu
1807 1813 1935 1877 scis
1981 1830 2242 1876 causam
2289 1809 2656 1891 evidenter,

421 1912 656 1977 attritis
700 1913 1000 1978 membris
1046 1914 1352 1980 omnibus.
1500 1914 1581 1978 10
1781 1916 1900 1980 sed
1943 1916 2144 1981 suffer
2186 1922 2255 1979 et
2298 1913 2645 1978 dissimula.
2863 1911 2955 1973 35

333 2071 623 2157 Sanguis
668 2082 813 2140 tuus
858 2074 1260 2139 abundanter
1692 2080 1835 2146 Hoc
1881 2080 2055 2163 quod
2099 2098 2247 2163 ag0,
2293 2096 2424 2143 non
2472 2085 2538 2142 te
2585 2083 2860 2159 gravet,

331 2177 519 2242 fusus
561 2176 701 2243 fluit
743 2178 1174 2259 incessanter,
1693 2183 1813 2246 sed
1849 2203 1950 2247 me
1995 2190 2182 2246 sanet
2227 2188 2295 2245 et
2334 2201 2437 2244 me
2482 2179 2663 2244 lavet

332 2284 514 2346 totus
556 2281 726 2346 lotus
769 2284 835 2347 in
882 2300 1114 2348 cruore
1692 2284 2087 2368 inquinatum
2132 2292 2198 2349 et
2236 2292 2557 2366 aegrotum

329 2390 515 2448 stans
558 2386 833 2453 inmotus
868 2388 935 2451 in
981 2387 1239 2469 dolore,
1694 2392 1958 2474 sanguis
2002 2390 2208 2454 fluens
2258 2389 2365 2452 hie
2400 2407 2521 2471 per
2549 2392 2770 2467 totum,

425 2489 817 2571 praecinctus
861 2491 975 2554 vili
1020 2491 1318 2573 tegmine.
1505 2491 1587 2554 15
1780 2502 1852 2561 ut
1894 2511 2021 2558 non
2069 2493 2349 2578 supersit
2393 2490 2664 2573 macula.
2864 2488 2953 2552 40

334 2644 399 2715 0
441 2651 750 2734 majestas
792 2650 1066 2735 infinita,
1696 2657 1771 2724 In
1816 2656 1942 2722 hac
1987 2675 2178 2721 cruce
2225 2662 2290 2719 te
2337 2662 2671 2719 cruentum

333 2766 385 2816 o
430 2761 693 2835 egestas
737 2755 1054 2839 inaudita,
1698 2769 1766 2827 et
1809 2760 2154 2826 distentum
2208 2768 2274 2823 et
2317 2765 2688 2824 contentum

335 2856 484 2941 quis
527 2876 649 2942 pro
695 2868 874 2924 tanta
920 2862 1189 2926 caritate
1698 2872 1770 2931 ut
1811 2867 2135 2948 requiram
2153 2913 2169 2943 ‚
2214 2885 2316 2928 me
2363 2863 2605 2947 inpelle

337 2971 594 3045 (1¹1aeer
638 2970 702 3026 te
747 2964 812 3027 in
858 2965 1134 3030 veritate
1699 2977 1769 3033 et
1811 2967 1939 3032 hoc
1980 2968 2155 3051 inple
2198 2984 2410 3030 meum
2453 2964 2629 3028 velle

428 3064 593 3153 dans
606 3069 980 3150 sanguinem
996 3087 1119 3152 pro
1132 3070 1593 3153 sanguine‘wo
1786 3070 2102 3152 facturus,
2149 3067 2322 3150 quod
2368 3064 2686 3130 desidero.
2864 3062 2965 3125 45

340 3225 512 3307 Quid
557 3248 696 3295 sum
740 3231 855 3297 tibi
896 3252 1313 3317 reversurus,
1700 3231 1789 3298 Ut
1828 3239 1897 3296 te
1942 3250 2225 3313 quaeram
2269 3236 2484 3293 mente
2528 3247 2694 3311 pura
2713 3274 2732 3309 ‚

341 3340 498 3397 actu
539 3333 712 3417 vilis,
758 3335 960 3400 corde
1004 3336 1236 3420 durus,
1701 3336 1785 3401 sit
1828 3335 1976 3400 haec
2017 3356 2162 3399 mea
2204 3335 2415 3419 prima
2457 3352 2651 3414 cura,

341 3433 502 3518 quid
545 3436 898 3519 rependam
943 3440 1248 3522 amatori,
1700 3458 1825 3506 nec
1870 3446 1971 3503 est
2014 3440 2231 3523 labor,
2289 3458 2413 3504 nec
2457 3438 2822 3520 gravabor,

341 3539 461 3622 qui
504 3539 704 3621 elegit
744 3558 869 3623 pro
912 3560 1015 3605 me
1058 3544 1252 3625 mori,
1701 3543 1819 3610 sed
1864 3546 2145 3608 sanabor
2192 3550 2259 3608 et
2303 3542 2691 3625 mundabor,

433 3661 521 3706 ne
567 3641 765 3726 dupla
807 3652 1015 3708 morte
1058 3647 1399 3711 morerer?
1509 3648 1594 3711 25
1788 3668 1933 3715 cum
1976 3656 2041 3713 te
2089 3650 2446 3735 conplexus
2487 3647 2694 3711 fuero.
2870 3643 2971 3707 50

521 3854 642 3909 Ans
689 3853 795 3909 den
841 3856 899 3910 in
946 3856 1049 3914 No.
1088 3861 1193 3912 123
1241 3863 1561 3930 genannten
1598 3859 1722 3915 Hss.
1804 3857 2000 3914 Dieses
2036 3858 2174 3913 Lied
2208 3859 2415 3932 gebdrt
2450 3876 2519 3914 zu
2556 3857 2677 3912 dem
2712 3853 2978 3927 νοτίζει

341 3940 464 3996 und
497 3940 575 3999 ist
607 3941 666 3997 in
702 3941 802 3998 der
834 3944 1100 4016 Ausgabe
1139 3945 1239 4001 der
1274 3947 1494 4004 Werke
1533 3947 1855 4005 Bernhards
1896 3947 2363 4004 iiberschrieben:
2402 3946 2476 4002 ad
2509 3960 2712 4018 genua.

525 4086 558 4138 1
597 4098 643 4139 s.
677 4083 813 4139 Jesu
847 4099 893 4139 r.
928 4084 1131 4141 BDCE.
1199 4088 1234 4140 3
1271 4088 1452 4142 crucis
1488 4087 1651 4159 ligno
1686 4087 1797 4143 BD.
1865 4089 1902 4141 4
1936 4087 2106 4143 homo
2141 4103 2312 4142 verus
2353 4088 2464 4143 BD.
2538 4088 2571 4140 5
2606 4083 2860 4140 manibus
2898 4081 2973 4139 Β.

337 4172 386 4225 *1
437 4176 527 4227 cst
578 4171 640 4227 B.
727 4172 763 4227 8
811 4177 966 4228 totus
1023 4171 1120 4229 fiir
1165 4175 1286 4247 joc.
1339 4173 1399 4228 Β.
1492 4177 1563 4229 10
1617 4175 1845 4230 attritus
1901 4176 1963 4230 B.
2048 4176 2119 4228 14
2171 4177 2228 4231 in
2281 4175 2521 4230 maximo
2574 4169 2613 4227 f.
2667 4172 2791 4227 inm.
2849 4170 2969 4228 Bc.

345 4259 421 4314 19
456 4260 660 4330 quaerit
690 4261 844 4319 BCE.
939 4267 1008 4319 21
1063 4280 1438 4334 responsurus
1486 4265 1687 4322 BDCE.
1782 4269 1852 4322 22
1907 4281 1975 4322 ac
2025 4270 2083 4320 te
2118 4263 2275 4319 nullo
2323 4264 2407 4331 A,
2460 4260 2551 4315 die
2586 4260 2788 4314 Lesart
2827 4262 2969 4313 actu

345 4350 463 4418 (sc.
499 4348 684 4418 bono)
736 4351 922 4407 nullus
960 4353 1169 4409 konnte
1207 4355 1419 4409 stehen.
1498 4356 1570 4409 23
1607 4354 1920 4425 impendam
1956 4351 2208 4409 creatori
2242 4351 2303 4405 Ε.
2388 4351 2460 4404 24
2496 4346 2631 4418 quid
2662 4343 2971 4402 refundam

343 4435 695 4506 redemptori
728 4437 791 4509 E,
827 4456 939 4495 nun
975 4438 1128 4514 folgt
1158 4444 1243 4497 23.
1315 4444 1385 4498 25
1422 4442 1638 4498 moriar
1672 4444 1785 4500 Ac.
1853 4444 1925 4497 28
1959 4442 2051 4515 pie
2089 4441 2149 4499 G.
2202 4440 2272 4493 29
2307 4433 2508 4492 fovens
2545 4436 2609 4490 A.
2666 4437 2733 4488 31
2753 4448 2874 4502 prae
2896 4432 2969 4488 Β.

341 4524 422 4578 32
457 4522 668 4579 robore
704 4524 764 4580 Ο.
859 4527 930 4580 36
977 4533 1035 4583 te
1082 4526 1226 4585 fehlt
1279 4529 1342 4587 G.
1436 4531 1507 4585 38
1553 4529 1846 4600 inquinant
1879 4531 1959 4603 A,
2021 4527 2254 4602 sanguis
2290 4523 2469 4580 fluens
2505 4523 2671 4593 plene
2706 4520 2862 4576 lavet
2899 4520 2969 4575 Ε.

343 4611 425 4668 39
469 4627 557 4666 me
604 4608 879 4667 infirmum
928 4618 986 4668 et
1020 4631 1125 4687 aeg.
1161 4617 1207 4674 Ε
1231 4654 1246 4684 ,
1304 4616 1446 4672 dazu
1481 4618 1630 4671 noch
1676 4617 1767 4672 ein
1800 4616 1976 4672 Vers:
2025 4617 2175 4671 intus
2212 4619 2270 4669 et
2306 4617 2469 4667 extra
2502 4626 2589 4665 me
2624 4624 2726 4681 per
2762 4613 2969 4663 totum.

337 4698 418 4753 40
455 4698 637 4755 subsit
673 4699 734 4756 G.
802 4701 874 4753 42
910 4706 966 4756 te
995 4707 1369 4774 contemptum
1404 4698 1465 4761 et
1500 4704 1602 4761 dis.
1637 4705 1712 4775 Β,
1750 4710 2127 4775 contemptum
2162 4704 2234 4771 G,
2281 4700 2373 4756 ich
2409 4714 2522 4770 zog
2558 4698 2663 4753 den
2699 4696 2862 4752 Reim
2902 4695 2965 4751 in

341 4785 401 4845 Δ
434 4802 554 4845 vor.
625 4787 937 4845 laceratum
970 4795 1030 4845 et
1064 4789 1362 4850 distentum
1395 4794 1457 4855 Ε.
1530 4795 1604 4849 44
1638 4809 1707 4851 ac
1739 4793 1972 4867 impleto
2006 4794 2052 4855 E
2136 4790 2210 4846 48
2247 4804 2359 4846 non
2395 4791 2484 4843 est
2517 4783 2672 4840 BCE.
