3159 5259
341 466 468 533 pro
513 444 752 512 amoris
800 440 1138 525 signaculo

343 551 420 616 fit
461 551 651 635 panis
692 547 759 612 in
797 543 1151 611 ooenaouio.

241 688 306 753 V.
350 685 510 752 Flos
566 692 665 749 est
706 679 985 766 pulcher
1027 678 1208 762 puris
1253 696 1485 761 aspec-

925 785 1096 849 tibus
1113 832 1130 866 ,
1403 785 1484 844 55

344 892 533 987 panis
593 909 790 955 sanus
834 888 1084 953 mundis
1131 888 1485 953 affectibus.

921 990 996 1057 In
1043 1011 1097 1056 o.

234 1138 306 1202 R.
353 1134 542 1201 Felix
590 1152 778 1218 caro,
818 1133 902 1198 de
948 1133 1136 1217 cujus
1181 1130 1378 1214 epulo

348 1245 530 1302 tanta
575 1237 753 1300 salus
799 1234 1123 1299 redundat
1166 1230 1409 1296 saeoulo

348 1349 415 1405 et
451 1339 832 1423 sanguinem
858 1336 1215 1420 propinans
1243 1332 1491 1417 populo

453 1444 640 1508 vitali
682 1441 940 1526 poculo.
1408 1437 1490 1500 60

249 1583 312 1648 Υ.
359 1579 460 1644 Ex
506 1583 806 1647 ubertate
850 1579 1083 1663 gratiae

353 1686 518 1751 tales
565 1685 798 1750 dantur
844 1683 1112 1748 delioiae.
1202 1680 1418 1747 vitali.

237 1830 310 1894 R.
354 1825 842 1893 Ascendentem
878 1822 1204 1889 Christum
1246 1822 1330 1886 de
1368 1822 1494 1886 hao

918 1928 1180 1992 miseria

352 2050 828 2118 prosequamur
881 2052 1004 2116 per
1048 2038 1275 2096 saneta
1319 2028 1492 2093 desi-

933 2135 1146 2219 deria,

352 2240 534 2306 vadit
593 2258 788 2307 orare
848 2259 973 2325 pro
1025 2239 1214 2304 nobis
1258 2238 1325 2302 in
1371 2256 1493 2321 pa-

933 2341 1090 2424 tria,

349 2464 617 2514 manens
660 2445 877 2529 pascit
916 2463 1039 2510 nos
1085 2443 1494 2510 eucharistia.

249 2587 314 2652 V.
357 2584 489 2652 Per
518 2604 708 2673 quem
735 2585 868 2651 tale
904 2584 1093 2651 nobis
1134 2582 1352 2648 datum
1398 2588 1501 2649 est

936 2704 1353 2772 promissum:

351 2793 598 2879 „vado,
670 2811 930 2876 semper
985 2808 1327 2856 mansurus
1377 2807 1499 2853 vo-

945 2890 1250 2960 hiscum.“
1281 2891 1499 2956 Vadit.

508 3088 583 3157 in
637 3085 836 3156 tertio
885 3093 1245 3156 nocturno.

240 3255 314 3322 R.
358 3252 614 3319 Memor
654 3251 776 3317 fuit
817 3250 1186 3316 testamenti

463 3354 760 3422 dominus
802 3374 923 3418 rex
969 3353 1237 3436 gloriae3
1418 3354 1500 3418 70

358 3477 434 3523 se
480 3458 594 3523 dat
635 3477 856 3524 escam
892 3456 1298 3537 sacramenti,

465 3562 732 3645 dignus,
778 3567 847 3625 ut
893 3560 1140 3643 aporiae

367 3684 544 3731 mors
589 3673 859 3730 necetur
909 3671 974 3728 et
1018 3671 1334 3748 purgetur

459 3770 595 3836 vita
639 3766 831 3855 zyma
877 3769 1127 3833 sooriae.

259 3910 322 3975 Υ.
366 3908 453 3977 Et
495 3927 666 3975 nuno
711 3928 928 3973 rerum
971 3907 1141 3972 faoie
1417 3905 1499 3967 75

463 4013 747 4095 gerimus
793 4031 915 4095 per
958 4010 1215 4091 Jesum,

363 4113 574 4197 ipsum
609 4112 838 4177 mentis
885 4113 1024 4175 aoie

471 4216 625 4291 vitae
655 4216 889 4280 seimus
908 4232 1105 4279 esum.
1136 4209 1222 4277 Ut
1238 4212 1504 4295 aporiae.

251 4353 323 4418 R.
368 4349 547 4416 Vere
592 4350 847 4435 Joseph
889 4350 1107 4416 tunica

470 4455 629 4518 mire
673 4455 996 4539 polimita,
1419 4455 1506 4518 80

365 4559 670 4643 passione
715 4559 953 4645 punica

467 4663 656 4731 nobis
699 4660 1035 4742 redimita3

1706 436 1834 501 hao
1877 435 2188 503 vestimur
2232 436 2425 502 unica

1807 558 1979 605 nuno
2027 546 2093 603 et
2135 538 2272 620 poli
2317 538 2468 603 vita.

1605 695 1666 759 V.
1714 690 1974 758 Summe
2018 699 2210 776 pater
2255 693 2519 776 gloriae,
2759 694 2846 760 85

1810 813 2049 879 eorpus
2096 796 2187 859 tui
2230 796 2366 859 nati

1706 898 1911 961 vestis
1957 904 2059 961 est
2101 895 2460 979 munditiae,

1815 1019 1942 1082 qua
1986 1019 2205 1065 sumus
2249 1001 2473 1064 renati.
2528 999 2671 1067 Hae
2686 1008 2852 1068 vest.

1595 1143 1665 1206 R.
1714 1139 1882 1203 Vive
1928 1141 2135 1222 panis,
2193 1139 2301 1221 qui
2347 1139 2593 1204 divisus
2639 1149 2856 1208 tamen

2207 1260 2335 1306 non
2375 1243 2716 1328 divideris,

1715 1344 1823 1426 qui
1864 1363 2007 1408 cum
2034 1352 2260 1408 sancto
2303 1346 2532 1427 spiritu
2572 1354 2638 1409 et
2662 1356 2856 1431 patre

2207 1465 2401 1511 unum
2429 1445 2738 1530 crederis,
2770 1450 2854 1514 90

1712 1548 1780 1613 in
1826 1556 1889 1612 te
1934 1549 2075 1631 uni,

1714 1672 1838 1735 per
1883 1662 1950 1717 te
1994 1652 2188 1733 muni,

1718 1775 1880 1839 quos
1924 1774 2057 1821 uno
2107 1776 2279 1840 pane
2316 1755 2549 1820 reficis.

1615 1897 1677 1962 V.
1728 1895 1915 1974 Quod
1960 1896 2027 1959 in
2071 1896 2258 1960 nobis
2302 1893 2589 1978 habitas,

1824 2003 2095 2065 verbum
2142 2016 2300 2063 caro
2348 1999 2617 2082 factum,
2777 2002 2858 2065 95

1708 2122 1794 2166 ex
1837 2102 2052 2165 Maria
2099 2101 2418 2182 nasceris,

1822 2223 1970 2287 quae
1998 2203 2124 2267 viri
2150 2202 2361 2268 nescit
2386 2210 2644 2269 tactum.
2680 2202 2755 2272 In
2775 2213 2857 2270 te.

1412 2339 1494 2401 65
1604 2347 1675 2413 R.
1723 2344 1776 2410 0
1815 2364 1997 2430 spem
2023 2344 2269 2425 miram,
2302 2362 2495 2425 quam
2524 2340 2639 2409 dat
2663 2342 2862 2409 Jesus

1824 2449 1956 2512 suis
2003 2448 2229 2530 largus
2275 2446 2557 2529 famum,

1721 2553 1873 2618 olim
1916 2568 2159 2633 caesus,
2205 2569 2374 2616 nuno
2416 2551 2659 2617 illaesus
2736 2550 2859 2641 100

1826 2675 1970 2721 oum
2014 2655 2320 2720 ministris
2366 2655 2654 2737 angelis3

1732 2759 1922 2823 vivus
1967 2764 2203 2840 manet,
2250 2757 2544 2839 quamvis
2588 2775 2760 2841 esus,

1823 2860 1931 2925 hio
1974 2861 2040 2925 in
2086 2861 2539 2927 tabernaculis.

1617 3001 1681 3065 V.
1727 2998 1995 3064 Invitati
2038 2999 2412 3063 festinemus

1824 3098 1909 3163 ad
1953 3100 2115 3163 tanti
2144 3099 2337 3181 ‚regis
2364 3097 2785 3182 praesentiam
2823 3101 2867 3162 5

1721 3210 1789 3267 et
1830 3220 1955 3287 pro
1993 3202 2161 3269 datis

1721 3308 1908 3372 nobis
1954 3307 2160 3389 gratis

1827 3409 1949 3475 sibi
1976 3407 2319 3473 reddamus
2349 3409 2643 3492 gloriam.
2687 3406 2865 3476 Cum.

2302 3532 2450 3577 mm.

1797 3716 1897 3786 ad
1934 3713 2202 3789 laudes.
2253 3716 2655 3813 antiphona.

1610 3884 1788 3949 Vere
1836 3884 2036 3967 digna
2081 3884 2295 3948 hostia

1613 3988 1794 4071 deu8‚
1840 4007 2081 4071 corpus
2128 3997 2194 4051 et
2241 3988 2481 4071 anima,
2782 3989 2865 4050 10

1612 4089 1847 4155 natura
1892 4090 2162 4175 duplex,
2209 4088 2570 4155 substantia

1614 4195 1784 4261 trina
1826 4212 2113 4278 persona
2156 4194 2360 4260 unica.

1613 4352 1687 4419 A.
1736 4350 2008 4428 Quando
2054 4359 2308 4415 sumunt
2338 4348 2659 4415 dominum

1728 4452 1836 4519 hio
1881 4472 2044 4519 unus
2089 4454 2178 4519 ibi
2221 4454 2430 4537 mille,

1733 4564 2039 4641 quantum
2083 4560 2273 4624 turba
2310 4558 2605 4643 plurium,
2786 4558 2867 4621 15

1730 4668 1978 4729 tantum
2023 4663 2212 4727 sumit
2254 4663 2382 4729 ille.
