3159 5259
486 299 619 366 *16

484 489 593 555 cui
636 485 865 551 latebit
905 483 997 548 nil
1042 481 1367 547 occultum

490 598 561 657 et
604 589 887 655 manebit
929 587 1022 652 nil
1066 585 1352 650 inultum.

489 777 581 846 Et
622 778 766 861 quis
809 772 1097 840 nostrum
1142 790 1271 836 non
1316 770 1581 853 timebit,

494 882 754 967 qnando
789 880 1000 963 judex
1044 876 1419 960 apparebit,

494 994 647 1052 ante
693 1002 880 1065 quem
926 980 1093 1062 ignis
1139 977 1414 1058 ardebit,

492 1095 880 1174 peccatores
924 1084 1035 1167 qui
1078 1081 1340 1148 delebit.
1424 1109 1429 1116 ·

496 1280 739 1346 Veniet
772 1277 983 1363 judex
1028 1276 1111 1340 de
1148 1275 1328 1341 coelis
1343 1323 1361 1358 ,

495 1384 686 1450 testis
728 1402 937 1446 verax
980 1387 1048 1444 et
1089 1378 1301 1442 fidelis
1317 1425 1335 1460 ,

500 1486 722 1551 veniet
765 1491 832 1547 et
875 1499 1005 1546 non
1051 1481 1298 1562 silebit,

492 1586 816 1673 judicabit
858 1603 983 1648 nec
1026 1582 1289 1648 timebit.

502 1797 693 1864 Juste
740 1794 999 1877 quidem
1037 1791 1390 1877 judicabit,

503 1920 630 1966 nec
672 1917 1019 1983 personam
1055 1895 1454 1979 acceptabit,

504 2004 718 2088 pretio
763 2021 892 2065 non
938 2006 1415 2082 corrumpetur,

506 2106 628 2170 sed
672 2123 796 2169 nec
838 2103 1143 2189 precibus
1186 2101 1501 2166 flectetur.

507 2308 832 2379 Iudicabit
875 2325 1097 2373 omnes
1141 2312 1374 2390 gentes

509 2420 579 2478 et
626 2412 922 2478 salvabit·
950 2411 1359 2492 innocentes,

508 2522 743 2598 arguet
788 2532 1008 2579 omnes
1052 2519 1354 2595 potentes

515 2624 587 2682 et
629 2615 877 2681 deliciis
920 2615 1216 2680 fluentes.

511 2819 696 2885 Tunc
738 2827 807 2885 et
851 2838 1072 2884 omnes
1118 2820 1380 2887 delicati

509 2919 900 2991 maledicent
940 2921 1261 3007 voluptati
1278 2969 1298 3006 ,

512 3036 583 3092 et
622 3029 736 3110 qui
779 3033 1019 3106 vacant
1061 3025 1363 3107 vanitati,

512 3136 911 3198 evanescent
955 3128 1381 3195 condemnati.

518 3334 686 3413 Quid
728 3343 883 3401 tunc
926 3336 1125 3401 faciet
1165 3341 1483 3418 peccator

515 3442 584 3500 et
619 3437 773 3518 quid
817 3439 1113 3521 corporis
1158 3447 1437 3520 amator,

513 3543 584 3603 et
626 3535 781 3619 quid
825 3558 1026 3618 agere
1070 3540 1334 3621 valebit,

514 3640 622 3706 cui
665 3637 826 3702 nihil
858 3636 1002 3721 jam
1044 3639 1264 3708 licebit
1284 3640 1321 3703 ’Β

517 3847 853 3931 Siquidem
898 3853 1052 3912 tunc
1096 3846 1442 3931 apparebit

520 3956 590 4014 et
634 3949 809 4031 quod
851 3949 990 4031 fuit,
1034 3967 1164 4013 non
1209 3945 1466 4028 latebit,

518 4051 809 4135 quisquis
853 4051 955 4134 sit,
992 4050 1145 4134 jure
1190 4049 1487 4134 pavebit,

516 4154 729 4219 donec
772 4153 953 4234 sciat,
999 4152 1152 4235 quid
1200 4151 1481 4216 habebit.

514 4362 694 4428 Proh
738 4360 952 4442 dolor,
998 4369 1151 4424 tunc
1194 4360 1513 4442 poenitere

516 4466 677 4529 nulli
719 4463 966 4547 poterit
1007 4463 1235 4526 valere

518 4575 589 4630 et
630 4575 907 4650 peccata
952 4573 1104 4630 tunc
1148 4565 1411 4648 lugere,

388 4753 397 4762 .
513 4669 677 4733 nihil
723 4671 848 4736 erit
890 4670 1016 4735 nisi
1059 4668 1242 4735 ssew.

1663 477 1745 539 55

1669 1078 1754 1140 60

1673 1791 1755 1853 65

1680 2408 1764 2472 ’10

1683 3026 1767 3088 ’15

1685 3638 1771 3703 80

1687 4357 1774 4422 85

1750 2973 1756 2979 ·
1870 2964 2215 3042 postquam
2260 2951 2534 3036 coeperit
2577 2949 2906 3033 torqueri.

1966 472 2099 547 IV.
2153 471 2267 544 De
2311 497 2531 570 poena
2576 472 3076 567 peccatoris.

1855 650 1911 716 0
1965 670 2155 734 quam
2200 668 2427 732 grave,
2484 667 2695 731 quam
2745 647 3030 710 inmite

1859 775 1901 819 a
1947 743 2222 817 sinistris
2267 753 2421 816 erit:
2469 746 2691 835 „ite!“
3087 752 3101 808 Ξ

1857 876 2001 923 cum
2045 875 2087 919 a
2131 854 2410 919 dextris:
2457 870 2632 937 „vos
2681 853 2964 915 venite
2978 848 3034 912 Ξ*
3099 871 3100 886 ¹

1857 959 2030 1024 dicet
2076 978 2227 1040 rex,
2272 957 2551 1038 largitor
2599 955 2810 1018 vitae.

1861 1148 2042 1214 Tunc
2085 1164 2240 1230 spes
2284 1147 2486 1211 omnis
2530 1145 2874 1209 interibit

1862 1257 1930 1315 et
1974 1268 2122 1315 cras
2168 1266 2316 1313 cras
2359 1264 2636 1333 prorsus
2685 1246 2964 1328 abibit,

1862 1355 1949 1419 ad
1992 1360 2314 1418 tormenta
2357 1351 2651 1433 quisquis
2698 1351 2870 1431 ibit,

1855 1458 1997 1542 jam
2042 1457 2315 1541 amplius
2359 1474 2488 1520 non
2534 1454 2779 1519 exibit.

1864 1647 1963 1714 Ibi
2008 1644 2279 1710 flammis
2317 1649 2633 1708 exuretur

1865 1758 1934 1815 et
1977 1770 2017 1814 a
2060 1748 2387 1813 vermibus
2431 1745 2733 1827 rodetur,

1866 1857 1950 1921 ab
1996 1853 2312 1936 angustiis
2355 1858 2638 1932 angetur
2663 1897 2684 1931 ‚

1869 1956 1978 2039 qui
2023 1955 2268 2019 salvari
2309 1971 2439 2017 non
2481 1959 2814 2015 meretur.
3011 1951 3070 2009 1²

1870 2143 1926 2209 0
1971 2162 2161 2227 quam
2204 2138 2383 2222 impii
2427 2145 2726 2201 tortores

1871 2256 2026 2313 tunc
2067 2245 2461 2328 torquebunt
2502 2247 2919 2324 peccatores

1871 2359 1940 2417 et
1984 2349 2309 2414 terribiles
2350 2346 2601 2409 ultores

1860 2452 2251 2538 judicabunt
2294 2464 2537 2533 pravos
2583 2445 2852 2509 mores!

1870 2644 2050 2711 th
2093 2642 2315 2723 dolor,
2358 2647 2513 2703 tunc
2555 2636 2875 2701 misereri
3057 2632 3082 2691 ⁵

1874 2756 1942 2813 et
1983 2748 2318 2812 doloribus
2361 2742 2612 2808 mederi

1873 2853 2086 2919 nullus
2127 2850 2372 2935 poterit
2413 2846 2690 2928 mereri,

1875 3141 2020 3229 [Ab
2064 3142 2192 3205 hac
2235 3148 2300 3204 te
2346 3154 2588 3223 precor
2631 3143 2904 3200 tortura

1873 3255 1942 3315 et
1985 3249 2069 3312 ab
2096 3225 2392 3308 'hostium
2436 3257 2756 3323 pressura
3035 3237 3076 3293 st

1873 3352 2083 3416 libera
2125 3367 2249 3431 me,
2294 3366 2418 3410 rex
2461 3343 2808 3425 coelorum,

1873 3457 1942 3520 in
1986 3453 2230 3518 saecula
2265 3444 2712 3528 saeculorum]

1980 3679 2073 3754 V.
2151 3680 2268 3752 De
2315 3678 2578 3778 gaudio
2633 3673 3013 3748 electoru-
3099 3679 3100 3718 ῑ

1879 3858 2041 3924 Cum
2078 3854 2395 3922 recordor
2439 3851 2818 3935 diligenter,

1880 3962 2035 4046 quid
2081 3967 2235 4045 post
2274 3953 2549 4024 mortem
2590 3954 2677 4018 sit
2719 3959 3050 4035 sequenter,

1879 4068 2142 4130 stabunt
2175 4063 2338 4146 justi
2383 4079 2575 4143 quam
2617 4057 2980 4142 prudenter,
3023 4043 3100 4115 15}

1870 4170 2012 4253 jam
2058 4166 2354 4232 delector
2395 4164 2829 4229 vehementer.

1877 4353 2388 4440 Appropinquat
2421 4352 2598 4417 enim
2645 4349 2786 4415 dies
2799 4399 2818 4435 ,

1877 4461 1944 4525 in
1990 4478 2116 4541 qua
2154 4458 2352 4541 justis
2397 4456 2522 4520 erit
2565 4455 2781 4537 quies,

1879 4582 2008 4646 qua
2054 4563 2400 4626 cessabunt
2444 4566 2905 4642 persequentes

1877 4672 1948 4730 et
1988 4667 2357 4747 regnabunt
2395 4663 2739 4750 patientes.
2997 4661 3076 4722 ’20
