3159 5259
2649 311 2783 377 343

160 495 219 554 S.
253 496 438 550 meino
472 496 648 566 Aug.
683 493 784 548 der
819 494 1058 550 Messon.
1092 493 1151 549 S.
1186 494 1272 548 69.
1344 489 1375 548 ὁ
1412 489 1652 566 σταυρὸς
1687 488 1946 564 *imm-9⁶25
1980 494 2152 563 μέσον
2187 491 2307 571 γῆς.
2359 496 2602 552 Triodion
2626 498 2697 567 Y,
2730 499 2783 555 6,

155 584 328 654 μέσον
390 579 493 656 γῆς
532 579 826 652 ὑπέμεινας
889 579 1125 657 σταυρὸν
1170 583 1263 635 καὶ
1308 576 1520 639 πάθος.
1571 578 1701 631 Ιόἰά.
1736 578 1807 645 Ζ,
1856 579 1906 631 3.
2007 576 2247 652 εἰργάσω
2286 580 2381 649 τὴν
2416 589 2684 658 σωτηρίαν
2720 586 2780 641 ἐν

157 672 320 742 μέσῳ
358 669 455 740 τῆς
489 665 609 741 γῆς.
665 664 792 721 [bid.
835 666 947 734 DD,
981 668 1027 720 1.
1099 666 1154 720 ἐν
1189 669 1340 737 μέσῳ
1381 662 1565 719 ἐθνῶν
1601 661 1635 733 ἦ
1673 660 2038 738 Ἰερουσαλήμ.
2079 665 2329 735 Ori-qenes
2353 667 2410 721 in
2429 670 2608 724 thren.
2625 673 2677 738 4,
2694 674 2780 727 20.

336 755 402 809 V.
439 756 523 808 65.
579 755 641 811 ln
688 753 896 809 diesem
942 752 1112 807 Liede
1160 752 1310 807 wird
1359 753 1618 821 Christus
1669 750 1758 807 oft
1805 751 1892 806 als
1936 752 2098 806 Licbt
2134 750 2447 823 angerusen
2496 753 2609 810 und
2655 756 2783 812 hier

166 845 254 900 als
287 842 573 899 retteudes
610 842 772 896 Licht
807 857 896 896 am
923 842 1200 913 jiingsten
1237 840 1394 912 Tage
1442 842 1508 895 V.
1544 842 1630 895 67.
1666 843 1750 895 68.
1821 841 1992 895 Diese
2031 838 2334 896 Gedanken
2361 841 2487 896 sind
2522 843 2615 897 bei
2651 843 2781 898 Ori-

165 945 325 1002 9enes
371 931 517 984 hom.
565 931 616 996 2,
652 931 700 982 3.
750 945 816 983 so
866 929 1274 999 ausgedn'ickt:
1340 926 1483 992 θεὸς
1531 927 1644 1004 πῦρ
1682 930 1796 985 ἐστι
1843 931 2233 984 καταναλίσκον
2266 938 2381 992 τοῖς
2419 929 2784 1005 ἁμαρτωλοῖς,

166 1015 289 1087 φῶς
326 1024 440 1078 τοῖς
476 1016 707 1079 δικαίοις
741 1019 832 1069 καὶ
869 1014 1061 1087 ἁγίοις.

340 1103 406 1156 V.
442 1105 525 1156 74.
578 1107 795 1172 portus.
850 1105 1039 1173 λιμένα
1074 1124 1137 1160 σε
1173 1102 1421 1178 γινώσκω
1458 1103 1732 1180 γαλήνιον,
1770 1106 2017 1162 δέσποτα
2055 1107 2279 1180 Χριστέ.
2336 1104 2580 1160 Triodion
2599 1104 2712 1174 BD,
2730 1105 2782 1161 3.

164 1191 224 1246 S.
259 1190 363 1246 No.
404 1191 489 1259 76,
530 1191 612 1243 19.
683 1191 795 1245 Fiir
831 1191 1089 1247 Christus
1138 1191 1351 1246 kommt
1399 1192 1587 1248 dieser
1622 1194 1922 1249 Beinamen
1976 1192 2132 1248 nicht
2168 1187 2256 1247 oft
2288 1207 2424 1261 vor,
2490 1193 2648 1246 mehr
2685 1188 2782 1249 s'ur

165 1275 352 1331 Maria
388 1278 498 1330 und
537 1276 627 1330 die
668 1277 925 1331 Kirche·

348 1362 413 1415 V.
452 1362 537 1416 78.
593 1363 805 1417 cunctis
843 1363 1082 1431 sanctita,
1139 1364 1191 1419 d.
1228 1366 1279 1418 h.
1329 1364 1418 1421 die
1454 1365 1719 1438 Heiligen
1758 1368 1858 1422 des
1898 1369 2050 1423 alten
2086 1367 2198 1419 wie
2236 1365 2334 1420 des
2370 1381 2548 1420 neuen
2585 1366 2780 1421 Testa-

168 1455 378 1518 ments,
444 1450 586 1505 deun
624 1451 715 1504 die
752 1451 1120 1506 Patriarchen
1157 1453 1268 1507 und
1305 1453 1629 1522 Propheten
1666 1454 1862 1509 hatten
1898 1454 2350 1524 Offeubarungen
2387 1468 2502 1506 von
2537 1450 2781 1509 christo.

349 1538 417 1593 V,
453 1540 538 1591 97.
592 1537 728 1592 urbs
763 1538 988 1592 munita.
1038 1545 1218 1606 τεῖχος
1255 1536 1578 1614 ἀπόρθητον
1619 1536 1745 1612 ἡμῖν
1787 1540 1964 1616 γενοῦ,
2000 1539 2187 1613 Ἰησοῦ.
2242 1539 2484 1594 Triodion
2519 1538 2626 1607 CC,
2661 1541 2712 1592 2.

761 1865 935 1935 262.
986 1863 1413 1936 Psalterium
1469 1863 1556 1935 de
1610 1841 1891 1937 nomine
1943 1866 2146 1939 Jesu.

175 2062 369 2145 Jesu‚
414 2062 524 2125 via
569 2061 860 2125 veritatis
1530 2059 1632 2125 Da
1677 2061 1933 2124 veniam
1975 2062 2127 2124 mihi
2176 2062 2370 2146 tristi,
2693 2067 2784 2129 25

176 2175 243 2230 et
288 2167 612 2229 immensae
659 2165 952 2247 pietatiS‚
1532 2171 1601 2228 tu
1649 2164 1757 2246 qui
1800 2163 2034 2227 Jonam
2081 2165 2303 2229 eruisti

258 2288 380 2351 per
426 2287 615 2351 quem
660 2271 888 2333 vivunt
934 2269 1162 2351 omnia,
1617 2268 1701 2330 de
1744 2268 1944 2352 piscis
1988 2267 2310 2351 ingluvie,

171 2380 315 2436 esto
364 2357 544 2436 meus
589 2374 993 2455 consolator,
1530 2372 1640 2454 qui
1683 2389 1922 2454 pueros
1971 2379 2105 2435 tres
2153 2374 2462 2458 servasti,

170 2475 443 2538 verbum
485 2475 723 2557 patriS,
769 2475 925 2541 vitae
971 2474 1160 2540 dator
1382 2477 1421 2538 5
1526 2474 1861 2540 Danielem
1905 2474 2198 2541 liberasti

254 2576 322 2640 in
367 2584 550 2641 tanta
593 2578 868 2645 miseria.
1615 2578 1698 2642 de
1741 2579 1999 2643 leonum
2042 2580 2244 2645 rabie.
2689 2583 2776 2647 30

169 2761 318 2845 Ego
365 2760 595 2830 dolens
641 2771 707 2826 et
753 2782 1032 2848 egenuS,
1525 2767 1846 2832 Vitiorum
1891 2787 2159 2851 pressus
2205 2770 2393 2834 undis

174 2873 593 2950 peccatorum
640 2866 836 2929 sorde
882 2868 1114 2950 plenus
1366 2904 1377 2913 κ
1527 2869 1613 2933 ad
1658 2879 1723 2933 te
1770 2871 1978 2936 clamo
2024 2871 2105 2936 de
2150 2874 2516 2955 profundis,

264 2969 349 3032 ad
394 2977 489 3051 te,
538 2978 745 3051 pater,
792 2971 1007 3051 fugi03
1615 2971 1810 3055 Jesu,
1855 2982 2080 3056 pastor
2129 2977 2380 3057 ovium,

175 3075 437 3157 suscipe
483 3094 584 3137 me
620 3082 1075 3156 revertentem,
1340 3075 1421 3138 10
1524 3094 1611 3138 ne
1655 3094 1758 3137 me
1805 3096 2077 3159 spernas
2124 3085 2566 3162 peccatorem,

176 3179 259 3245 de
305 3179 658 3263 longinquo
704 3179 1102 3260 venientem,
1525 3177 1594 3241 in
1643 3185 1710 3242 te
1757 3177 1946 3242 deum
1990 3186 2430 3263 protectorem
2690 3181 2774 3246 35

261 3290 405 3345 esto
452 3282 596 3365 pius
643 3280 795 3347 filio.
1613 3301 1822 3347 meum
1868 3290 1969 3347 est
2013 3283 2350 3367 refugium.

172 3470 318 3536 Non
365 3490 503 3534 sum
548 3470 814 3552 dignm,
860 3477 1051 3552 pater
1094 3472 1298 3553 bone,
1524 3470 1712 3552 Jesu,
1752 3475 1946 3555 panis
1990 3473 2377 3556 anqelorum,

174 3568 487 3655 dissipata
530 3572 829 3655 portione
1524 3591 1682 3657 spes
1727 3581 1792 3638 et
1839 3573 2015 3639 salus
2055 3580 2444 3661 miserorum,

259 3682 405 3738 tuus
452 3672 576 3737 dici
621 3671 821 3753 filius;
1337 3673 1417 3734 15
1613 3675 1856 3759 adjuva
1901 3697 2005 3741 me
2049 3679 2384 3761 miserum,

170 3796 390 3860 parce,
439 3793 681 3858 quaeso,
730 3774 1059 3841 confitenti
1523 3786 1595 3845 tu
1641 3783 1749 3864 qui
1796 3781 2001 3847 habes
2040 3783 2428 3865 aequitatem‚
2688 3782 2775 3846 40

172 3897 309 3963 re0,
357 3879 441 3943 ad
486 3888 551 3942 te
597 3880 883 3945 venienti
1522 3903 1731 3948 meam
1779 3884 1924 3950 dele
1969 3887 2388 3969 pravitatem,

259 4000 529 4046 occurre
576 3981 969 4063 quantocius.
1613 3974 1842 4051 sordes
1888 3989 2117 4053 lavans
2166 3987 2512 4052 eriminum.

174 4167 243 4236 A
286 4178 353 4233 te
396 4171 578 4233 nimis
625 4170 931 4251 elongavi
1330 4174 1334 4178 ’
1525 4168 1724 4249 Jesu,
1765 4169 2009 4234 ⁴munda
2050 4190 2152 4233 me
2199 4169 2585 4234 immundum

174 4274 344 4341 siout
393 4275 533 4337 ovis
581 4280 648 4336 et
695 4273 941 4353 erravi,
1337 4274 1422 4337 20
1527 4280 1595 4338 et
1637 4290 1755 4337 cor
1802 4273 1865 4336 in
1908 4292 2011 4336 me
2057 4293 2213 4338 crea
2256 4273 2588 4356 mundum,

266 4395 347 4439 en
400 4375 484 4440 ad
530 4383 595 4439 te
643 4376 977 4458 confugio,
1614 4377 1776 4439 iram
1821 4384 1996 4440 tuam
2040 4376 2293 4458 mitiga:
2687 4376 2773 4439 45

178 4498 399 4563 quam,
444 4498 486 4544 o
537 4485 756 4562 pater,
801 4488 1180 4563 pereuntem
1526 4478 1848 4543 medicina
1892 4479 2166 4561 spiritali

180 4588 247 4646 et
291 4579 487 4645 filium
531 4578 909 4644 redeuntem
1529 4588 1598 4646 et
1642 4581 1873 4664 spiritu
1914 4582 2261 4666 principali

266 4682 522 4766 suscipe
570 4701 714 4748 cum
757 4682 1013 4765 gaudio.
1362 4722 1369 4729 -
1615 4692 1893 4750 mentem
1936 4704 2145 4749 meam
2188 4685 2408 4767 irriga.
