3159 5259
2689 314 2835 383 325

205 498 344 564 Dos
387 506 460 563 ut
505 497 724 581 datur,
773 499 1008 564 crescit
1050 499 1304 580 laetitia,
1571 500 1907 566 scientiam
1952 502 2177 567 audire
2223 504 2513 570 cominus

212 620 359 683 quae
404 601 523 665 dos
561 602 828 683 quauta!
875 602 1114 683 triplex
1149 594 1461 685 potentia,
2004 603 2389 671 SalomouiS.
2739 606 2833 675 4⁰

209 704 441 769 coelum
467 710 746 786 tangens
766 710 1008 767 terram
1028 712 1094 769 et
1111 701 1348 788 Stygia
1381 707 1460 767 15
1949 767 1963 782 ,
2441 770 2455 785 ‚
2489 769 2504 786 ,

631 806 901 890 judicia·
1569 765 1625 831 0
1670 766 1998 830 sollemnis
2044 768 2279 835 festum
2322 769 2595 853 laetitiae,

1568 887 1698 952 quo
1742 870 1958 934 unitur
2003 867 2299 936 Christus
2345 874 2676 958 ecelesiae,

205 960 378 1031 Mira
423 965 686 1049 loquar,
732 966 851 1030 sed
898 986 1059 1033 sana
1103 969 1396 1053 credere,
1565 972 1632 1036 in
1679 992 1807 1055 qua
1852 980 2095 1038 nostrae
2143 974 2368 1039 salutis
2405 976 2649 1060 nuptiae

206 1068 589 1134 foederatam
628 1076 759 1133 tam
804 1070 993 1152 largo
1039 1090 1302 1135 munere
2001 1078 2431 1143 celebrantur.

203 1172 290 1238 de
334 1175 604 1258 proprio
649 1175 959 1259 produxit
1001 1176 1211 1242 latere
1623 1236 1636 1250 ,
1848 1238 1862 1252 ,
1909 1238 1924 1252 ,
2010 1239 2023 1253 ,
2518 1239 2533 1255 ,

640 1276 1066 1340 (ΜΗΘ-1101110.
1370 1277 1457 1340 20
1564 1233 1680 1300 Sic
1724 1245 1961 1320 typicis
2004 1245 2320 1304 mstructa
2363 1242 2660 1306 senmbus
2728 1240 2821 1306 45

1561 1340 1929 1422 nuptiarum
1968 1339 2194 1406 induta
2228 1341 2520 1406 vestibus

203 1437 627 1505 Formaretur
670 1446 741 1502 ut
783 1440 879 1502 sie
922 1438 1229 1521 ecclesia,
1562 1442 1713 1506 coeli
1754 1451 2003 1524 praeest
2045 1441 2241 1507 hodie
2287 1444 2538 1509 civibus

204 1540 516 1623 figuravit
557 1542 623 1604 iu
666 1541 811 1624 pari
855 1537 1067 1623 gloria
1998 1542 2260 1609 Christo
2296 1545 2546 1629 juncta.

205 1641 380 1709 Adae
427 1644 624 1708 costis
667 1642 945 1708 formata
989 1643 1226 1709 femina
1923 1708 1937 1723 ,
2471 1708 2485 1723 ,
2539 1708 2555 1723 ,

642 1753 845 1818 hostis
887 1751 1033 1818 Eva
1561 1706 1783 1773 Coetus
1828 1708 2014 1789 selu,
2061 1708 2251 1773 dulce
2297 1725 2697 1792 oonvlvmm,

1036 1801 1050 1816 ⁶
1559 1813 1750 1876 lassis
1796 1813 1886 1875 ibi
1932 1810 2122 1876 datur
2167 1812 2496 1894 solatium,
2727 1811 2821 1879 5ss

204 1912 348 1979 Eva
391 1915 512 1978 fuit
555 1934 839 1981 noverca
883 1916 1193 2002 posteriS,
1368 1918 1452 1979 25
1559 1915 1925 1999 desperatis
1971 1914 2242 1979 offertur
2278 1917 2555 2017 spatium

204 2018 349 2081 haec
394 2024 495 2081 est
537 2025 742 2083 mater
787 2018 998 2083 electa
1043 2020 1335 2101 generiS,
1988 2020 2372 2105 respirandi.

203 2119 359 2183 vitae
403 2126 630 2202 portus
650 2168 667 2201 ‚
714 2120 963 2202 asylum
1008 2120 1261 2183 miseris
1712 2183 1725 2197 ,
1811 2183 1824 2197 ,
2596 2183 2611 2200 ,

639 2232 707 2288 et
752 2225 950 2290 tutela
1557 2182 1764 2249 Justls
1806 2183 1958 2247 mdo
2003 2186 2342 2249 solvuntur
2382 2203 2693 2268 praemia,

953 2273 968 2288 ’
1560 2286 1943 2369 angelorum
1987 2294 2311 2351 novantur
2353 2287 2624 2371 gaudia,

203 2386 471 2471 Pulcra,
515 2396 779 2473 potem,
824 2398 1020 2473 partu
1061 2391 1372 2457 mirabilis
1391 2437 1410 2473 ‚
1559 2389 1695 2454 lata
1737 2390 1923 2454 nimis
1969 2389 2144 2472 quod
2184 2390 2342 2455 facit
2385 2389 2600 2473 gratia
2723 2390 2813 2452 55

203 2497 277 2554 ut
319 2487 472 2553 luna
515 2491 616 2556 sol
659 2492 867 2574 fulget
911 2493 1287 2576 spectabilis
1368 2495 1453 2557 30
1995 2492 2302 2557 caritatis.

203 2593 350 2678 plus
396 2595 536 2661 acie
582 2597 780 2662 multo
828 2596 1134 2660 terribilis
2324 2656 2340 2671 .
2461 2655 2474 2671 .

638 2696 950 2764 ordinata·
1557 2654 1669 2720 Ab
1716 2663 1964 2720 aeterno
2009 2656 2155 2720 fons
2200 2663 2539 2740 sapientiae

1560 2757 1788 2821 intuitu
1832 2758 2029 2821 solius
2074 2759 2306 2841 gratiae

204 2863 549 2946 Multiplex
593 2870 660 2928 et
703 2863 1080 2947 singularia,
1126 2883 1281 2947 una,
1561 2860 1658 2924 Sic
1699 2858 1987 2942 providit
2030 2860 2095 2924 in
2142 2878 2355 2925 rerum
2403 2861 2573 2926 serie

204 2967 535 3051 generalis
581 2974 647 3031 et
690 2966 1050 3050 individua,
1993 2962 2352 3044 profutura.
2727 2965 2821 3027 60

205 3071 412 3135 omnis
458 3071 588 3134 aevi
630 3089 824 3134 sexus
869 3090 999 3134 una
1043 3069 1231 3135 simul
1371 3072 1453 3135 35

639 3175 810 3259 parit
854 3181 1114 3238 turmas,
1562 3136 1858 3204 Christus
1902 3156 2065 3223 01'30
2112 3157 2231 3204 1¹⁰⁸
2275 3139 2406 3203 8¹11ss
2442 3139 2684 3223 nuptiis

1561 3248 1895 3309 recreatos
1939 3242 2115 3305 veris
2161 3241 2411 3306 deliciis

203 3347 368 3412 Haec
404 3349 662 3432 signata
705 3347 750 3412 J
753 3346 1016 3411 ordanis
1060 3344 1389 3429 fluctibuS‚
1560 3346 1875 3411 interesse
1921 3344 2120 3409 faciat
2163 3345 2419 3427 gaudiis

203 3450 354 3515 haec
399 3470 543 3533 quae
587 3449 767 3514 venit
811 3470 850 3513 a
895 3458 1091 3512 terrae
1135 3447 1396 3532 finibus,
1991 3449 2363 3515 electorum.

381 3662 474 3718 Hs.
529 3661 628 3715 des
666 3659 1017 3731 ehemaligen
1056 3659 1319 3714 Klostere
1355 3659 1652 3727 Mai-bach,
1699 3660 1851 3731 jetzt
1887 3676 1958 3716 zu
1994 3659 2252 3729 colmar,
2317 3663 2385 3715 12
2418 3660 2618 3717 Jahrb.
2680 3659 2819 3728 (A).

199 3750 308 3806 Bei
354 3750 669 3806 Ceicheoveus
715 3745 756 3802 f.
806 3748 912 3802 184
962 3748 1089 3817 (Β).
1162 3748 1276 3802 Das
1310 3746 1449 3802 Lied
1495 3747 1572 3802 ist
1618 3763 1733 3802 von
1767 3747 1947 3803 Adam
1995 3765 2106 3805 von
2144 3747 2200 3804 S.
2241 3748 2464 3817 Victor,
2528 3747 2630 3802 der
2669 3746 2819 3800 117?

203 3836 378 3894 etarb.

384 3979 430 4030 1.
467 3977 518 4030 4.
572 3975 922 4031 Hierusalem
937 4015 952 4044 ‚
1008 3974 1258 4029 haleluia
1291 3974 1337 4028 B
1353 4014 1367 4042 ,
1424 3973 1849 4028 vermeintliehe
1905 3974 2227 4044 Beeseruug
2276 3973 2374 4026 dee
2430 3970 2818 4041 clichtoveus,

204 4076 397 4134 gegen
442 4062 544 4116 das
579 4062 891 4117 Versmaes.
962 4063 998 4114 2
1034 4056 1219 4115 fidelis
1273 4056 1312 4114 f.
1349 4059 1474 4115 coel.
1511 4059 1572 4113 B.
1645 4061 1680 4113 6
1726 4075 1925 4116 norma
1952 4060 2028 4117 Β.
2102 4060 2169 4113 16
2210 4058 2438 4131 justitia
2484 4060 2551 4116 A.
2623 4058 2693 4111 17
2728 4057 2820 4114 lo-

203 4165 353 4220 quor
390 4148 451 4202 Β.
560 4149 629 4202 18
675 4146 956 4203 foederata
989 4148 1053 4201 A.
1148 4150 1220 4201 22
1268 4143 1548 4218 figuratur
1582 4148 1645 4203 in
1677 4146 1809 4216 pari
1846 4147 1907 4201 Β.
2002 4149 2073 4202 26
2127 4146 2295 4202 electi
2341 4146 2406 4202 B.
2498 4146 2571 4200 28
2606 4148 2821 4215 tutem,

204 4234 399 4294 Schbf.
436 4236 503 4292 A.
590 4237 659 4289 33
696 4240 783 4290 est
819 4232 857 4289 f.
895 4240 952 4290 et
988 4234 1050 4288 Β.
1132 4236 1203 4288 35
1252 4233 1370 4288 eim.
1407 4250 1493 4288 uu.
1532 4234 1592 4288 Β.
1674 4235 1745 4288 43
1782 4250 1894 4303 quo
1931 4233 1997 4289 B.
2064 4235 2132 4287 45
2168 4232 2291 4287 haec
2329 4264 2392 4273 -
2431 4229 2716 4300 descripta
2750 4230 2823 4288 Β.

206 4323 420 4379 45-48
456 4322 656 4377 stehen
689 4323 748 4377 in
784 4325 830 4378 B
869 4323 1012 4377 nach
1049 4323 1134 4377 40.
1188 4324 1259 4377 47
1295 4327 1507 4393 praeest
1541 4319 1687 4376 fehlt
1720 4322 1785 4377 A.
1839 4322 1911 4374 50
1944 4320 2123 4391 lapsis
2155 4319 2253 4374 ubi
2288 4320 2352 4374 B.
2404 4321 2472 4372 51
2502 4324 2561 4374 et
2577 4318 2821 4390 desp.A.

202 4412 278 4465 59
314 4409 579 4483 praevidit
614 4409 675 4463 Β.
745 4411 817 4464 60
850 4411 974 4465 haec
1011 4405 1203 4466 futura
1239 4412 1300 4467 B.

384 4544 453 4601 V.
491 4548 535 4600 1.
572 4547 621 4599 6.
676 4545 833 4615 Sion,
870 4553 1064 4603 mater.
1117 4551 1359 4605 Aelianas.
1397 4548 1455 4603 iu
1489 4564 1573 4618 ps,
1611 4548 1697 4615 86,
1733 4547 1782 4601 6.
1820 4545 2040 4601 erklfirt
2077 4546 2168 4601 die
2206 4545 2416 4601 Worte
2451 4548 2632 4600 mater
2672 4542 2821 4600 Sion

206 4632 386 4687 durch
417 4634 625 4708 μητέρα
655 4631 915 4689 καλοῦσιν
953 4635 1049 4707 τὴν
1084 4636 1379 4707 ἐκκλησίαν.
1435 4636 1576 4693 Sion
1611 4650 1773 4690 mons
1810 4635 2030 4704 quidem
2062 4634 2383 4691 Jerusalem
2417 4634 2688 4710 adjacens
2714 4638 2826 4704 est,

205 4717 313 4777 sed
345 4724 591 4777 montem
624 4720 771 4775 huuc
808 4721 1042 4796 ejusque
1081 4736 1286 4781 nomen
1319 4727 1489 4796 atque
1523 4720 1696 4780 etiam
1720 4721 1876 4780 urbis
1904 4721 2082 4796 ipsius
2108 4722 2425 4796 ecelesiam,
2460 4738 2587 4795 quae
2613 4736 2831 4795 corpus
