3159 5259
2638 266 2777 333 21³

272 460 563 527 delusisti
609 459 804 525 hamo
1528 459 1587 521 4.
1634 456 1733 522 Tu
1766 458 2103 523 mortalem
2140 464 2427 523 nostram
2687 454 2775 520 35

269 574 397 631 tuae
441 564 838 648 majestatis,
1333 563 1419 625 30
1630 568 1698 625 et
1744 567 2024 624 terream
2069 567 2361 625 naturam

265 665 360 733 fili
403 666 530 732 dni.
1625 679 1979 744 resurgens

1623 765 2129 848 incorruptivam
2173 764 2382 830 fecisti

267 816 365 884 Tu
407 835 760 901 resurgens
804 817 1138 900 imperitas
1630 872 1823 949 atquo
1868 867 2047 931 caefls
2089 868 2411 932 invexisti·

267 939 398 985 non
444 921 790 985 meriturus

270 1024 561 1109 amplius

350 1227 472 1285 Ess-
509 1244 576 1283 zu
613 1227 904 1298 munchen,
939 1227 1077 1284 Clm.
1116 1229 1302 1283 14322.
1338 1223 1439 1281 fol.
1475 1229 1560 1282 25.
1630 1226 1759 1282 Von
1793 1224 2028 1282 Notker.
2081 1227 2184 1283 nit
2219 1226 2320 1283 der
2355 1227 2599 1284 Melodie
2635 1229 2769 1299 (A).

165 1317 303 1375 clm.
338 1318 528 1373 14845.
565 1313 605 1370 f.
638 1318 728 1371 33.
767 1319 834 1369 12
871 1315 1063 1371 Jahrb.
1100 1316 1225 1386 (Β).
1281 1314 1418 1369 Clm.
1455 1315 1647 1370 14083.
1683 1317 1747 1367 11
1777 1314 1967 1370 Jahrb.
2005 1315 2130 1384 (C).
2184 1315 2320 1372 Clm.
2348 1316 2536 1372 11004.
2573 1313 2614 1373 f.
2643 1318 2765 1372 109.

169 1407 232 1459 11
257 1404 451 1463 Jahrb.
479 1403 606 1474 (D).
657 1403 751 1461 ns.
786 1419 858 1458 zu
885 1402 1176 1474 Stnttgart
1210 1403 1376 1457 Brev.
1401 1401 1508 1457 No.
1530 1405 1650 1458 123.
1685 1400 1723 1457 f.
1755 1403 1875 1458 184.
1909 1402 2011 1457 mit
2028 1402 2291 1471 Neumen‚
2330 1406 2397 1456 12
2413 1403 2605 1459 Jahrb.
2635 1404 2767 1474 (Ε).

168 1491 271 1548 Bei
302 1491 422 1546 Pez.
457 1491 599 1546 thes.
637 1489 830 1545 anecd.
863 1505 993 1546 nov.
1028 1492 1069 1560 1,
1106 1494 1136 1544 1
1171 1506 1227 1563 p.
1261 1490 1347 1546 26.
1397 1490 1544 1546 ohne
1578 1489 1984 1562 Abweichung.
2053 1489 2167 1546 Das
2200 1490 2338 1546 Lied
2372 1492 2473 1546 hat
2505 1491 2769 1548 mehreru

164 1578 465 1637 mtrisehe
517 1578 837 1637 Freiheiten
850 1619 865 1647 ,
927 1577 1018 1633 die
1071 1578 1193 1634 hier
1245 1579 1401 1635 nicht
1453 1578 1730 1634 erlintert
1774 1576 2006 1633 werden
2039 1579 2260 1635 konnen
2279 1620 2294 1648 ,
2357 1579 2499 1635 aber
2531 1583 2771 1637 sanem

167 1666 230 1721 V.
268 1668 336 1721 18
389 1665 608 1722 scheint
643 1667 766 1725 dem
803 1666 1099 1724 Versmass
1137 1686 1208 1723 zu
1243 1668 1730 1739 widersprechen‚
1804 1666 2073 1740 obgleich
2105 1680 2169 1721 es
2203 1666 2319 1721 alle
2354 1666 2528 1721 Texte
2563 1667 2769 1725 huben.

167 1754 500 1814 narbacher
533 1754 627 1809 Hs.
675 1771 745 1810 zu
794 1754 1037 1812 Colmar.
1093 1757 1160 1810 12
1183 1755 1393 1811 ‘Jahrh
1442 1755 1550 1826 (F)
1605 1755 1706 1810 mit
1754 1756 1857 1814 der
1891 1754 2301 1826 Bestimmung:
2364 1749 2513 1810 feria
2544 1753 2597 1810 V
2628 1760 2769 1827 post

168 1842 393 1916 pascha.

341 1993 378 2045 4
424 1989 734 2046 incolarum
780 1990 847 2044 A.
955 1990 989 2043 5
1036 1987 1237 2043 insulae
1274 1986 1335 2044 B.
1442 1990 1478 2042 '2
1525 1992 1682 2044 tenet
1716 1988 1779 2044 B.
1885 1989 1954 2042 13
1999 1986 2196 2043 Judeae
2232 1988 2295 2044 Β.
2399 1991 2468 2044 15
2517 1989 2669 2062 quod
2701 1990 2771 2049 Γ.

171 2079 241 2135 18
275 2094 413 2134 suos
450 2078 557 2148 DF,
595 2082 847 2133 sanctam
879 2075 938 2132 F.

337 2227 403 2283 V.
439 2229 487 2282 6.
549 2231 863 2298 spectatum
896 2222 995 2281 ffir
1029 2229 1439 2296 exspectatum,
1500 2224 1616 2279 wie
1651 2223 1801 2280 oben
1834 2224 1940 2280 No.
1978 2227 2108 2295 152,
2143 2227 2214 2293 33
2266 2228 2515 2284 visentes
2548 2224 2645 2284 fiir
2677 2228 2770 2284 in·

164 2315 433 2370 visentes.
503 2314 614 2371 Des
650 2315 1012 2370 Versmasses
1063 2329 1269 2385 wegen
1316 2312 1701 2385 gebrauchten
1750 2311 1837 2367 die
1883 2312 2113 2369 Dichter
2161 2315 2389 2369 solcher
2435 2315 2766 2387 Sequenzen

165 2401 481 2459 manchmal
517 2403 619 2457 das
659 2400 915 2457 einfache
951 2401 1231 2458 Zeitwort
1265 2399 1362 2457 ffu-
1396 2401 1497 2456 das
1532 2400 1944 2472 compositum,
1978 2402 2090 2457 wie
2125 2403 2269 2458 auch
2306 2402 2408 2458 das
2443 2403 2770 2459 Deminutiv

165 2491 315 2547 ohne
352 2490 554 2545 dessen
589 2491 948 2561 Bedeutung,
1001 2488 1113 2547 wie
1148 2490 1225 2547 im
1258 2489 1322 2544 V.
1362 2491 1432 2544 10
1466 2489 1802 2561 promptufis
1840 2487 1934 2545 fu‘r
1967 2491 2261 2561 promptis.
2319 2490 2377 2546 S.
2412 2491 2516 2550 No.
2553 2493 2674 2561 154,
2709 2492 2769 2549 0.

164 2578 268 2634 Νο.
308 2581 443 2647 114,
482 2579 563 2633 16.
597 2580 683 2633 36.
719 2581 801 2632 52.
838 2578 924 2631 63.
959 2578 1045 2632 78.
1097 2576 1322 2633 Ebenso
1358 2578 1509 2633 steht
1543 2575 1609 2630 V.
1635 2579 1705 2631 32
1740 2577 2028 2648 imperitas
2065 2574 2158 2632 f‘ur
2193 2577 2454 2649 imperas,
2489 2577 2632 2634 auch
2660 2577 2769 2634 das

163 2664 530 2737 Participium
590 2664 685 2721 fiir
738 2666 839 2723 das
888 2671 1104 2736 tempus
1147 2663 1362 2721 finitum
1381 2706 1396 2735 ,
1459 2682 1585 2722 was
1624 2666 1840 2740 jedoch
1872 2666 2186 2736 manchmal
2218 2664 2641 2723 Schreibfehler
2674 2666 2777 2737 ist,

161 2770 209 2809 z.
239 2756 300 2810 B.
339 2753 442 2810 das
480 2753 561 2825 (d.
596 2753 631 2809 i.
669 2753 840 2823 dans)
875 2751 972 2810 fu‘r
1007 2753 1125 2808 das.

341 2858 408 2914 V.
447 2862 513 2913 15
532 2892 595 2902 -
613 2860 692 2915 18.
747 2860 867 2915 Nos
916 2859 1176 2930 spiritale
1226 2875 1414 2914 semen
1458 2857 1732 2927 Abrahae,
1796 2870 1910 2914 non
1942 2858 2001 2914 in
2034 2858 2202 2929 prole
2238 2858 2528 2915 servitutis
2564 2856 2767 2929 geniti,

161 2947 263 3005 sed
298 2948 358 3002 in
395 2945 612 3003 familia
646 2947 928 3004 libertatis
963 2948 1158 3004 renati.
1211 2949 1366 3003 Leon.
1403 2963 1468 3003 m.
1505 2964 1666 3003 serm.
1703 2949 1789 3017 52,
1817 2949 1867 3002 3.
1904 2947 2083 3004 Galat.
2108 2949 2161 3016 3,
2188 2950 2237 3002 7.
2289 2947 2486 3002 Dieser
2520 2944 2771 3016 geistige

155 3036 651 3108 zusammenhang
683 3035 784 3091 mit
815 3036 1100 3091 Abraham
1135 3035 1330 3089 wurde
1365 3035 1424 3089 in
1460 3033 1565 3088 den
1601 3034 1992 3106 Messgebeten
2030 3033 2143 3088 und
2175 3032 2411 3088 Liedern
2445 3036 2586 3086 stets
2623 3029 2773 3086 fest-

161 3122 456 3196 gehalten.
527 3122 585 3179 S.
623 3123 713 3180 die
750 3123 959 3194 Belege
995 3123 1054 3177 in
1087 3122 1297 3177 meiner
1330 3121 1599 3193 Ausgabe
1637 3121 1737 3175 der
1773 3120 1960 3176 latein.
1995 3122 2230 3177 hiessen.
2309 3120 2367 3175 S.
2402 3120 2488 3174 23.
2523 3121 2609 3175 24.
2646 3120 2775 3175 100.

343 3228 410 3283 V.
445 3229 531 3284 26.
583 3227 815 3283 insidiis.
869 3228 1121 3299 Chry-5081.
1156 3226 1224 3281 de
1261 3242 1305 3281 s.
1342 3225 1497 3281 Barl.
1523 3228 1572 3280 4.
1608 3222 1781 3288 πολὺς
1817 3229 1906 3282 σοὶ
1933 3223 2169 3298 πόλεμος
2197 3222 2339 3300 πρὸς
2367 3222 2459 3282 τόν
2486 3222 2767 3300 διάβολον,

157 3319 252 3374 καὶ
287 3319 469 3389 μέγας
503 3319 594 3372 καὶ
631 3312 887 3387 διηνεκής.
961 3313 1087 3387 vgl.
1124 3314 1228 3369 No,
1268 3317 1385 3385 142,
1422 3315 1504 3369 58.

346 3421 412 3475 V.
447 3423 519 3475 27
534 3452 597 3463 -
612 3422 698 3474 30.
752 3420 1021 3475 Dominus
1057 3424 1251 3474 noster
1287 3417 1361 3475 ad
1393 3416 1618 3473 hnmani
1653 3417 1881 3489 generis
1917 3417 2313 3473 redemtionem
2346 3419 2577 3474 veniens
2612 3418 2781 3475 velut

161 3509 465 3580 quemdam
502 3509 572 3563 de
607 3524 669 3562 se
704 3508 764 3562 in
799 3522 988 3561 necem
1025 3504 1240 3561 diaboli
1275 3506 1495 3563 hamum
1529 3503 1682 3561 fecit.
1744 3506 2005 3561 assumsit
2040 3506 2185 3560 enim
2220 3521 2455 3575 corpus,
2490 3510 2556 3562 ut
2587 3506 2646 3560 in
2682 3521 2781 3564 eo.

158 3597 484 3653 Behemoth
532 3596 640 3650 iste
690 3594 854 3665 quasi
888 3609 1077 3649 escam
1110 3608 1269 3648 suam
1302 3598 1538 3648 mortem
1575 3592 1761 3648 carnis
1798 3597 2107 3663 appeteret.
2168 3609 2333 3664 quam
2367 3598 2606 3649 mortem
2640 3591 2777 3649 dum

153 3684 216 3739 in
257 3684 367 3739 ino
404 3684 613 3758 injuste
651 3683 895 3754 appetit,
959 3698 1093 3752 nos,
1157 3698 1300 3752 quos
1352 3681 1512 3752 quasi
1538 3682 1701 3754 juste
1736 3681 1990 3747 tenebat,
2055 3680 2253 3736 amisit.
2323 3681 2383 3735 In
2420 3681 2584 3735 hamo
2621 3695 2768 3751 ergo

153 3775 293 3846 ejus
333 3771 738 3827 incarnationis
775 3776 973 3842 captus
1010 3776 1127 3837 est,
1177 3770 1337 3841 quia,
1389 3768 1514 3824 dum
1549 3768 1608 3823 in
1644 3768 1750 3825 ino
1787 3768 2004 3840 appetit
2037 3784 2223 3823 escam
2258 3767 2547 3838 corporis,
2583 3771 2775 3822 trans·

149 3856 311 3915 fixus
350 3863 446 3915 est
477 3858 678 3915 aculeo
715 3858 1045 3914 divinitatis.
1082 3857 1162 3912 ibi
1197 3856 1403 3928 quippe
1437 3856 1626 3912 inerat
1658 3857 1988 3926 hnmanitas,
2027 3872 2152 3926 qum
2181 3854 2253 3910 ad
2280 3871 2340 3910 se
2370 3853 2774 3911 devoratorem

155 3948 430 4017 duceret,
477 3948 560 4003 ibi
595 3946 889 4014 divinitas,
944 3961 1069 4016 quas
1107 3943 1459 4016 perforaret3
1524 3944 1607 3999 ibi
1641 3950 1840 4015 aperta
1874 3940 2194 4013 infirmitas,
2242 3959 2368 4014 quae
2402 3946 2773 4012 provocaret,

145 4035 246 4091 ibi
283 4034 516 4091 occulta
549 4035 748 4101 virtus,
786 4048 912 4105 quse
947 4032 1201 4103 raptoris
1237 4030 1456 4087 faucem
1491 4028 1875 4103 transfigeret.
1924 4032 1985 4087 In
2020 4032 2184 4085 hamo
2218 4030 2395 4101 igitur
2427 4032 2624 4099 captus
2661 4032 2775 4099 est,

150 4122 299 4193 quia
349 4121 479 4177 inde
525 4121 768 4191 interiit,
831 4120 977 4176 unde
1024 4119 1338 4177 devoravit.
1408 4120 1631 4191 (ἕτερον.
1676 4121 1747 4176 Μ.
1799 4119 1996 4177 moral.
2041 4121 2145 4189 33,
2180 4121 2263 4174 14.
2326 4117 2384 4173 S.
2419 4117 2522 4173 No.
2558 4117 2647 4186 36,
2682 4119 2787 4175 11.

149 4211 270 4268 No.
309 4212 436 4279 142,
459 4210 546 4266 20.

341 4312 412 4370 V.
445 4314 674 4369 35-38.
726 4312 929 4370 Videte
945 4355 959 4384 ,
996 4330 1170 4387 quare
1206 4313 1428 4371 venerit
1466 4312 1753 4385 Christus,
1790 4317 1853 4370 ut
1888 4316 2191 4384 resurgant
2225 4311 2424 4366 animae
2459 4310 2532 4366 ab
2567 4308 2773 4381 iniqui-

147 4406 304 4474 tate,
343 4409 651 4474 resurgant
686 4418 935 4475 corpora
971 4420 1008 4459 a
1043 4403 1422 4475 corruptione.
1492 4404 1754 4472 Auqustin.
1785 4402 1849 4480 in
1886 4416 2085 4472 evang.
2121 4398 2248 4455 Joh.
2283 4398 2335 4469 5,
2352 4400 2424 4454 23
2459 4399 2493 4469 3
2511 4398 2562 4456 6.
2612 4398 2781 4456 Denn

148 4490 266 4549 der
301 4490 444 4552 Leib
479 4489 629 4547 wird
664 4493 879 4563 gesaet,
915 4507 1007 4548 um
1043 4496 1274 4549 erneuet
1308 4486 1675 4563 aufzugehen.
1746 4494 1776 4546 1
1814 4490 1944 4550 Gor.
1982 4491 2067 4561 15,
2101 4490 2189 4544 42.
