3159 5259
310 248 440 316 268

489 435 556 490 V.
591 434 772 490 5-8.
827 430 1272 502 ἀνεπαισχύντως
1305 435 1398 488 καὶ
1434 427 1839 495 &wardon-dorma·
1879 428 2027 508 φάγε
2063 431 2127 490 τὸ
2178 431 2373 506 σῶμα,
2435 439 2527 491 πίε
2561 434 2627 492 τὰ
2663 433 2830 510 αἷμα,
2878 439 2951 513 sl*

307 522 406 595 τῆς
441 523 581 593 ζωῆς
615 518 1027 592 ἐπιθυμητικῶς
1072 523 1247 589 ἔχεις,
1307 517 1442 592 μήτε
1492 525 1610 582 τοῖς
1656 522 1784 596 περὶ
1819 518 2029 595 σαρκὸς
2065 516 2314 577 ἀπιστῶν
2350 518 2537 594 λόγοις
2555 564 2572 590 ,
2635 521 2772 596 μήτε
2806 532 2928 589 τοῖς

307 613 435 685 περὶ
469 608 530 664 τὸ
568 606 764 671 πάθος
799 604 1188 681 βλαπτόμενος.
1258 607 1476 677 Greyor.
1511 606 1644 662 Naz.
1681 621 1766 662 or.
1803 607 1873 660 42
1907 621 1960 676 p.
1996 608 2116 662 690.

483 695 548 750 V.
588 697 671 751 13.
726 696 1058 753 convivium
1094 695 1303 751 domini
1337 694 1521 751 unitas
1559 698 1651 749 est
1684 694 1946 765 corporis
1984 694 2226 765 Christi,
2262 712 2375 750 non
2412 697 2597 752 solum
2631 698 2691 753 in
2726 713 2926 756 sacra·

305 790 498 841 mento
535 781 738 840 altaris
777 784 876 837 sed
914 785 1084 839 etiam
1118 783 1176 837 in
1211 782 1439 839 vinculo
1473 782 1647 853 pacis.
1717 782 1989 852 Auyustim‘
2023 781 2186 852 epist.
2225 782 2344 852 185,
2379 785 2467 837 24.

1071 1066 1244 1140 204.
1299 1067 1416 1138 De
1470 1091 1674 1138 sacra
1728 1065 2168 1138 eucharistia.

309 1233 607 1300 Christus
650 1235 761 1299 lux
806 1233 1182 1299 indeficiens
1665 1232 1876 1320 Hujus
1918 1237 2108 1320 panis
2153 1235 2433 1318 angelici

393 1337 569 1404 cibat
611 1357 732 1403 nos
779 1357 979 1405 carne
1026 1338 1301 1407 dulciter
1752 1340 2124 1423 saginemur
2167 1339 2582 1423 pinguedine,

307 1448 377 1505 et
419 1446 606 1525 potat
647 1459 768 1506 nos
811 1441 1114 1506 reficiens
1665 1446 1739 1507 ut
1773 1447 1904 1506 tam
1948 1440 2040 1526 pii
2082 1440 2305 1506 viatici

395 1561 514 1608 suo
558 1545 874 1628 sanguine
917 1547 1182 1629 pariter.
1755 1543 2154 1609 delectemur
2198 1543 2558 1609 dulcedine.

307 1712 577 1779 Aeterna
622 1709 864 1777 Christi
906 1709 1141 1793 alarici,
1520 1711 1559 1772 5
1665 1703 1848 1773 Hora
1892 1704 2123 1770 ductus
2169 1711 2270 1769 est
2312 1705 2508 1769 tertia
2834 1705 2923 1767 25

396 1817 578 1882 beata
614 1814 725 1881 lucc
767 1818 1162 1898 credentium,
1754 1812 1839 1877 ad
1883 1811 2203 1896 passionis
2248 1810 2526 1875 hostiam

307 1919 724 1984 redemtionis
767 1919 1011 1995 hostia,
1667 1917 1878 1982 crucis
1921 1924 2191 2001 portans
2236 1915 2619 2000 suspendia,

390 2031 619 2107 pastus
665 2030 917 2087 tuorum
962 2021 1193 2086 ovium.
1752 2025 1824 2083 ut
1863 2036 1986 2083 nos
2031 2018 2235 2082 ferret
2281 2016 2365 2082 ad
2408 2017 2702 2101 gloriam.

306 2186 489 2255 Vera
531 2203 708 2269 carc,
758 2204 950 2268 quam
994 2182 1332 2266 sumimus,
1666 2179 1722 2247 Ο
1768 2182 1988 2247 divina
2030 2183 2402 2265 clementia,

398 2309 588 2373 quam
634 2290 890 2373 accepit
933 2287 1016 2351 de
1061 2287 1351 2370 virgine,
1480 2286 1562 2350 10
1755 2285 1883 2351 duc
1908 2304 2028 2350 nos
2057 2284 2142 2350 ad
2174 2292 2463 2351 sanctam
2489 2286 2787 2369 patriam,
2833 2286 2920 2350 30

307 2410 504 2457 verus
551 2392 846 2474 sanguis,
894 2410 1083 2474 quem
1128 2389 1434 2471 bibimus,
1666 2389 1780 2455 ubi
1821 2409 1984 2454 vera
2028 2397 2178 2453 sunt
2220 2389 2493 2473 gaudia,

397 2512 591 2575 quem
636 2493 861 2557 effudit
903 2511 1028 2576 pro
1073 2493 1353 2558 homine.
1754 2511 1876 2575 per
1924 2492 2274 2556 salutarem
2320 2491 2614 2556 hostiam.

306 2653 487 2720 Vere
532 2655 649 2717 tali
690 2655 1002 2737 mysterio
1666 2654 1757 2723 Ut
1798 2675 1943 2723 cum
1980 2656 2223 2721 sanctis
2269 2656 2546 2721 feliciter

394 2760 665 2823 verbum
711 2777 868 2823 caro
915 2759 1302 2842 comeditur,
1756 2768 2233 2842 conregnantes
2275 2761 2630 2844 praeconia,

307 2880 431 2946 per
475 2860 650 2943 quod
693 2862 877 2943 viget
918 2861 1186 2943 religio,
1480 2862 1561 2923 15
1671 2862 1786 2927 tibi
1828 2862 2087 2926 laudem
2132 2863 2508 2946 perenniter
2834 2861 2924 2925 35

392 2983 515 3048 per
560 2965 734 3048 quod
780 2964 1010 3029 coelum
1052 2963 1429 3047 ingreditur.
1756 2965 2152 3029 immolemus
2195 2964 2262 3027 in
2309 2964 2540 3047 gloria.

307 3118 503 3184 Panis
548 3121 671 3183 iste
718 3120 1076 3185 dulcedinis
1669 3120 1991 3203 Hymnum
2039 3118 2262 3183 demus
2308 3139 2452 3183 cum
2496 3119 2712 3183 hostia
2765 3141 2777 3149 ·

393 3232 565 3288 totus
610 3226 841 3308 plenus
887 3233 988 3290 est
1032 3225 1296 3308 gratiae,
1752 3222 1880 3289 hac
1927 3222 2031 3286 die
2074 3223 2246 3287 festa
2293 3223 2578 3307 domino,

307 3323 460 3387 alvo
506 3334 799 3407 gestatus
835 3328 1138 3411 virginiS,
1668 3328 1777 3409 qui
1821 3345 2012 3392 sacra
2054 3328 2452 3392 eucharistia

390 3447 511 3491 rex
556 3439 656 3492 est
700 3438 964 3495 aeternae
1001 3430 1250 3513 gloriae.
1475 3429 1559 3491 20
1604 3458 1613 3467 ν
1751 3445 1871 3492 nos
1924 3437 2155 3513 pascat
2196 3431 2336 3493 sine
2380 3431 2672 3495 termino.
2833 3430 2923 3494 40

480 3580 864 3635 Reichenauer
901 3580 993 3635 Hs.
1030 3581 1135 3635 No.
1161 3582 1248 3663 {36-
1285 3579 1371 3634 Bl.
1397 3581 1482 3634 44.
1517 3579 1636 3649 (R)
1672 3579 1784 3633 und
1819 3580 1943 3634 eine
1979 3583 2187 3636 andere
2216 3580 2563 3639 Karlsruher
2598 3583 2694 3638 Hs.
2732 3600 2783 3639 ο.
2816 3582 2923 3639 Νο.

316 3665 403 3721 Bl.
441 3669 522 3723 12.
571 3667 671 3723 des
710 3670 779 3722 14-
811 3666 1007 3723 Jahrh.
1059 3668 1203 3737 (K),
1251 3667 1353 3722 mit
1387 3667 1489 3721 der
1526 3667 1772 3723 Melodie
1808 3667 1920 3722 und
1956 3668 2081 3723 dem
2117 3670 2266 3726 Titel
2303 3670 2371 3726 de
2406 3686 2653 3741 corpore
2692 3670 2925 3727 Christi.

482 3791 518 3843 3
555 3793 696 3859 poto
733 3788 797 3843 R.
867 3789 1008 3842 5-8
1046 3787 1235 3845 fehlen
1273 3791 1331 3845 in
1367 3790 1433 3845 K.
1505 3793 1575 3844 10
1612 3807 1778 3861 quam
1812 3793 2117 3863 assumpsit
2152 3808 2222 3847 ex
2256 3809 2309 3847 v.
2338 3795 2403 3847 K.
2478 3792 2686 3847 13-16
2724 3788 2923 3847 fehleu

304 3877 365 3932 in
401 3876 467 3934 K.
541 3877 609 3931 18
646 3882 704 3930 et
740 3874 832 3931 ffir
870 3880 958 3930 est
984 3875 1055 3930 R.
1129 3878 1197 3930 19
1232 3881 1492 3949 gestatur
1528 3877 1593 3932 R.
1663 3880 1737 3932 20
1772 3894 1980 3933 summe
2018 3879 2154 3934 deus
2194 3880 2503 3934 clementiae
2550 3879 2618 3948 K,
2656 3893 2759 3933 aus
2798 3878 2925 3932 dem

307 3965 559 4037 Hymnus
596 3965 850 4020 entlehnt
884 3963 978 4018 hei
1004 3964 1198 4019 Daniel
1223 3967 1268 4032 1,
1297 3965 1382 4018 34.
1453 3966 1523 4019 23
1560 3968 1625 4020 ut
1659 3962 1820 4034 fehlt,
1858 3966 2051 4021 suavis
2088 3965 2180 4021 fur
2207 3968 2288 4037 pii
2315 3967 2379 4021 K.
2460 3969 2697 4021 25—40
2732 3964 2925 4021 fehlen

307 4054 368 4109 in
395 4056 462 4125 K,
500 4052 668 4109 daffir
704 4054 900 4108 stehen
936 4051 1204 4124 folgende
1230 4052 1440 4123 Verso,
1477 4052 1567 4107 die
1603 4069 1718 4110 von
1747 4056 1955 4109 13—16
1992 4055 2049 4110 in
2084 4055 2188 4110 No.
2219 4055 2326 4108 203
2363 4058 2547 4108 etwas
2575 4052 2927 4108 abweichen.

525 4143 568 4196 0
603 4145 799 4196 caeleste
835 4144 1140 4209 convivium,
1847 4142 2072 4197 Praesta
2105 4147 2271 4212 pater
2308 4156 2412 4212 per
2447 4138 2640 4210 filium,

523 4244 557 4285 o
593 4230 862 4285 beatorum
893 4232 1092 4299 yloria,
1843 4235 2059 4300 praesta
2092 4244 2197 4300 per
2234 4227 2441 4282 almum
2477 4227 2753 4298 spiritum,

524 4331 558 4369 ο
593 4322 800 4387 reqm‘es
833 4318 1100 4373 humilium
1848 4314 2050 4384 quibus
2088 4316 2179 4369 hic
2216 4314 2317 4370 das
2352 4313 2628 4383 edulium,

526 4402 626 4456 duc
660 4419 758 4459 nos
790 4406 864 4459 ad
894 4407 1006 4460 coeli
1036 4403 1243 4475 qaudia.
1846 4399 2072 4459 fencem
2108 4403 2281 4459 dones
2318 4402 2539 4459 exitum.

314 4488 477 4545 Danu
523 4487 782 4545 kommen
829 4491 921 4546 die
970 4491 1374 4548 Schlussverse
1407 4491 1479 4543 25
1496 4520 1560 4530 —
1576 4490 1651 4545 28
1698 4488 1800 4545 des
1849 4489 2093 4562 vorigen
2137 4491 2338 4547 Liedes
2386 4492 2493 4547 No.
2539 4491 2645 4545 208
2692 4488 2793 4545 mit
2827 4487 2934 4543 der

313 4576 518 4634 Lesas-t
554 4578 645 4632 hic
682 4574 780 4633 fiir
815 4579 941 4635 hoc.
1009 4580 1098 4635 Da
1144 4578 1308 4635 bcide
1345 4577 1548 4633 Lieder
1596 4578 1787 4648 gleich
1832 4578 2047 4651 gebaut
2092 4579 2249 4650 siud,
2314 4597 2382 4635 so
2418 4579 2633 4635 kouute
2670 4576 2761 4632 dio
2794 4576 2933 4635 Ent-

313 4663 569 4739 lehnung
602 4665 778 4725 leicht
811 4664 1152 4725 stattfinden.
1223 4670 1296 4727 2⁷
1330 4665 1642 4741 suppendia
1673 4667 1741 4726 R.
