3159 5259
2703 212 2832 276 295

228 407 435 494 Cujus
479 414 580 471 est
623 405 973 490 praesentia
1340 442 1345 446 ·
1589 399 1837 485 Surge,
1885 421 2074 467 curre
2120 401 2408 484 obviam,

317 519 451 576 tam
494 493 764 575 caritate
807 508 1037 593 plena,
1399 505 1479 567 10
1677 513 1776 569 est
1823 505 1989 568 enim
2032 512 2165 567 tam
2210 504 2486 583 vicinus,

230 615 419 699 cujus
465 612 745 697 amicitia
1588 607 1804 672 cordis
1850 628 1974 691 per
2017 605 2388 671 munditiam

315 724 446 781 tam
489 713 674 777 nimis
719 719 820 776 est
866 728 1136 774 amnena.
1671 719 1940 794 paratos
1991 710 2161 774 habe
2206 710 2399 774 sinus.
2747 709 2838 774 20

228 875 433 963 Apud
476 886 541 940 te
587 875 923 959 quiescere
1587 870 1794 954 Tene,
1842 890 1986 936 cum
2030 872 2418 954 susceperis7

319 988 386 1045 et
428 988 638 1044 tecum
681 977 821 1041 vult
855 992 1166 1059 pausare,
1672 974 1844 1037 huuc
1887 994 1970 1038 ne
2016 971 2297 1038 dimittas
2340 972 2546 1054 victa,

228 1090 441 1147 tecum
486 1081 625 1145 vult
670 1079 1073 1143 discumbere
1396 1076 1473 1138 15
1584 1076 1704 1139 nisi
1757 1076 1951 1161 plene
1995 1076 2196 1139 fueris

315 1194 383 1250 et
426 1193 637 1250 tecum
678 1184 821 1248 vult
864 1198 1142 1247 coenare.
1672 1196 1795 1259 per
1840 1197 1984 1242 eum
2027 1175 2388 1241 benedicta.
2445 1193 2651 1239 amen.

412 1357 508 1412 Hs.
543 1373 614 1411 zu
647 1356 919 1411 munchen
955 1354 1091 1411 Clm.
1127 1354 1284 1408 3012.
1319 1350 1358 1408 f.
1396 1354 1479 1408 13.
1518 1356 1587 1408 15
1623 1354 1818 1411 Jahrb.

406 1476 473 1533 V.
511 1481 558 1531 1.
614 1478 741 1532 Non
778 1481 864 1532 est
901 1492 1039 1547 pars
1074 1474 1166 1529 dei
1199 1475 1412 1543 anima,
1449 1474 1500 1529 si
1536 1475 1683 1531 enim
1717 1474 1828 1531 hcc
1863 1481 2042 1543 esset,
2082 1475 2231 1531 omni
2265 1477 2432 1532 modo
2468 1475 2829 1535 incommuta-

232 1565 366 1620 bilis
406 1569 571 1635 atque
608 1561 1053 1632 incorruptibilis
1090 1566 1253 1616 esset.
1326 1561 1474 1634 quod
1522 1563 1575 1616 si
1621 1568 1774 1617 esset
1792 1602 1807 1633 ‚
1860 1578 1964 1617 nec
2003 1560 2268 1618 deficeret
2301 1564 2359 1618 in
2396 1563 2668 1635 deterius»,
2729 1579 2836 1622 nec

242 1650 551 1724 proficeret
584 1650 643 1704 iu
677 1648 890 1704 melius.
959 1650 1220 1718 Λαμπετίη.
1257 1664 1339 1719 ep.
1381 1648 1500 1716 166,
1537 1650 1587 1703 3.

673 1932 846 2006 232.
913 1929 1321 2004 Gratiarum
1370 1933 1554 2004 actio
1608 1943 1771 2028 post
1822 1934 2396 2005 communionem.

235 2119 581 2187 saturatus
627 2118 890 2184 ferculis
1586 2129 1811 2203 grates
1857 2129 2055 2186 tantae
2092 2122 2357 2206 gratiae,

322 2231 390 2289 et
434 2223 596 2288 cibis
642 2222 1104 2305 sacrosanctiS,
1276 2253 1281 2257 ·
1502 2224 1509 2229 '
1672 2243 1800 2308 qua
1842 2226 2036 2291 modo
2082 2244 2222 2292 sum
2266 2227 2542 2294 afflatus.

228 2327 561 2409 saginatus
609 2324 818 2407 epulis

315 2428 688 2511 deliciisque
711 2427 957 2510 -tantis,
1581 2387 2118 2556 ὖθῒοέθῧέξὲωἱὶ
2156 2390 2468 2556 ῐίῐιὶιᾶίίιὶἓωδ
2746 2394 2832 2461 25

228 2590 469 2669 9⁰³1ssss
513 2591 630 2656 fibi
672 2590 920 2673 gratias
1108 2682 1113 2687 .
1434 2589 1473 2650 5
1579 2592 1767 2658 fortis
1812 2511 1948 2659 εἴη]
1992 2595 2059 2659 in
2105 2511 2281 2679 Ξενίας,
2480 2538 2501 2575 '

314 2709 485 2757 nunc
527 2691 837 2772 referam,
886 2707 926 2753 c
973 2688 1162 2771 dene,
1667 2715 1815 2759 nam
1858 2699 2024 2762 bene
2070 2715 2208 2762 gum
2255 2704 2557 2793 armatus·

229 2796 339 2880 qui
381 2815 484 2859 me
530 2797 625 2860 sic
668 2795 982 2875 exsatias,

314 2906 387 2963 ut
427 2917 677 2962 mecum
721 2899 809 2960 sis
854 2903 919 2960 et
964 2895 1191 2960 meus?
1578 2853 1694 2921 Ad
1737 2866 1989 2923 “mmm
2034 2861 2260 2926 ⁰80ula

1666 2959 1838 3043 pede
1882 2981 1984 3025 me
2028 2982 2197 3028 nunc
2238 2961 2519 3044 inflecto,
2741 2964 2828 3028 3⁰

226 3060 629 3128 Benedicant
672 3060 885 3123 omnia
1578 3060 1986 3128 lacrimarum
2028 3066 2267 3148 pocula

316 3172 383 3229 et
426 3182 595 3227 nunc
639 3170 705 3226 et
749 3162 918 3226 omni
961 3157 1128 3225 hora
1395 3163 1475 3224 10
1666 3166 1932 3248 profuse
1977 3167 2142 3243 dans
2185 3167 2440 3232 dilecto.

226 3246 373 3333 mea
408 3275 473 3330 te
517 3265 884 3352 praecordia

306 3387 435 3453 pro
480 3388 665 3434 coeua
709 3374 840 3432 tam
885 3366 1160 3449 decora,
1578 3323 1745 3390 Fide
1792 3332 1904 3391 tua
1945 3325 2221 3391 vulnera

1666 3425 1940 3491 devotus
1986 3428 2272 3493 circuibo
2283 3476 2301 3511 ‚

226 3530 367 3610 Qua
413 3538 482 3596 tu
523 3550 627 3594 me
671 3528 965 3595 laetificas
977 3577 997 3615 ,
1576 3536 1791 3592 mente
1837 3529 2211 3611 amorifera,
2736 3530 2821 3595 35

313 3631 681 3698 desiderate
725 3632 919 3715 Jesu,
1665 3631 1721 3693 si
1765 3630 1979 3715 faves,
2026 3632 2323 3697 introibo.

224 3737 493 3804 mundas
538 3745 605 3801 et
647 3735 942 3802 vivificas
1391 3736 1472 3797 15

1573 3788 1787 3859 Pedes
1800 3841 1818 3876 ,
1867 3772 2086 3877 crura,
2131 3813 2383 3877 genua,

1664 3917 1804 3982 cor,
1851 3917 2107 3982 manua,
2150 3907 2411 3982 pectus,
2455 3898 2627 3962 latus

225 4002 470 4071 Intimis
513 4002 872 4066 visceribus
1572 4018 1696 4086 pro
1740 4003 1963 4081 venia,
2008 4018 2132 4085 pro
2177 4001 2390 4082 gratia

308 3842 375 3905 in
418 3849 549 3905 tuae
595 3840 807 3905 carnis
852 3858 985 3904 esu.

311 4122 481 4167 nunc
523 4104 683 4166 meis
727 4103 1113 4168 concalescc
1661 4104 1872 4169 saluto
1914 4104 2273 4168 inclinatae.
2736 4102 2823 4167 40

227 4212 295 4269 et
335 4221 485 4267 mcx
528 4206 595 4268 in
637 4203 941 4268 vitalibus
1857 4268 1869 4282 .
2105 4268 2117 4281 .

311 4315 577 4373 renatus
613 4308 995 4393 juvenesco,
1385 4308 1469 4372 20
1571 4266 1706 4333 hta
1747 4285 1908 4332 ¹¹¹01S
1953 4267 2156 4332 ⁰0u118

1659 4371 2033 4451 frequenter
2079 4375 2403 4453 antepone
2419 4416 2440 4453 ‚

229 4468 282 4537 0
326 4491 517 4554 quam
561 4473 744 4538 suavi
789 4472 984 4538 hodie
1122 4468 1131 4477 “
1570 4479 1642 4537 ut
1685 4472 1963 4538 lacrimis
2008 4480 2077 4536 et
2120 4473 2358 4537 osculis

273 4604 277 4608 ¹
312 4594 449 4641 sum
493 4595 665 4662 pane
708 4584 1049 4659 vegetatus
1067 4626 1085 4661 ‚
1140 4654 1149 4659 ,
1657 4584 1724 4641 te
1767 4576 2051 4661 placem,
2093 4573 2259 4642 Jesu
2300 4578 2488 4644 boue.
