3159 5259
339 269 477 338 124

510 454 547 506 ¹7
580 451 664 506 sic
698 450 870 506 etiam
902 460 1027 505 ven.
1062 447 1159 503 Hs.
1230 447 1264 501 8
1299 446 1471 502 etiam
1505 442 1665 501 fehlt.
1736 444 1808 499 10
1839 440 1907 498 fit
1940 443 2037 505 Hs.
2093 445 2176 503 „12
2211 447 2543 499 enumerata
2577 443 2674 499 Hs.
2749 444 2824 498 16
2857 445 2961 515 qni

332 539 476 596 dixit
509 539 604 596 Hs.
675 540 743 591 17
777 537 982 594 Jhesus
1018 537 1093 592 ist
1128 535 1252 590 hier
1288 534 1620 607 dreisylbig.
1693 533 1763 588 19
1797 548 1977 604 genus
2015 535 2104 587 est
2139 531 2233 587 Hs.
2304 532 2375 587 26
2411 528 2557 587 fehlt
2596 532 2722 587 eine
2750 532 2958 604 sylbe.

330 629 410 684 33
440 629 563 701 jam
598 622 745 681 fehlt
776 626 871 681 Hs.
966 627 1037 679 35
1074 629 1241 695 atque
1278 620 1422 678 fehlt
1455 622 1552 678 Hs.
1618 622 1706 692 39
1743 620 2188 692 reprobraverat
2231 621 2327 676 Hs.
2413 620 2486 674 40
2519 619 2814 675 dextrinae
2859 620 2969 676 Hs.

324 717 406 771 4⁴2
441 715 640 772 besser
674 712 976 786 pertulisti.
1044 714 1114 766 45
1152 716 1212 767 et
1246 708 1393 767 fehlt
1426 709 1524 767 Hs.

1340 995 1463 1071 98.
1522 996 1622 1068 ad
1665 1018 1942 1066 nonam.

339 1182 456 1253 Ad
498 1202 764 1267 nonam,
812 1200 983 1267 „ego
1026 1180 1237 1267 sitio“‚
1278 1234 1285 1241 .
1332 1242 1337 1248 .
1703 1181 1891 1267 „His,
1936 1188 2128 1265 pater
2170 1179 2637 1263 amantissime,

429 1287 721 1352 clamasti
764 1285 973 1351 Jhesu
1016 1288 1221 1378 bone,
1788 1284 2070 1368 dimitte,
2122 1284 2230 1368 qui
2271 1304 2375 1349 me
2419 1283 2696 1369 plagant

340 1408 482 1473 prae
525 1388 718 1452 nimio
763 1388 1110 1472 supplicio,
1700 1396 1770 1454 et
1814 1389 2104 1454 cruciant
2146 1388 2561 1471 gravissime,

431 1511 579 1557 cum
623 1507 805 1555 esses
850 1491 919 1554 in
962 1508 1194 1573 agone.
1788 1511 1933 1558 cum
1978 1492 2300 1574 nesciant,
2347 1491 2501 1574 quid
2547 1499 2766 1575 agant.
2872 1493 2964 1558 20

344 1654 522 1722 Gens
566 1655 740 1719 mala
783 1654 897 1718 tibi
942 1653 1166 1718 tribuit
1555 1655 1597 1718 5
1700 1654 1813 1721 Me
1858 1662 2035 1720 tuum
2083 1674 2283 1736 quare
2329 1652 2529 1718 filium

428 1766 659 1845 potare
702 1759 794 1822 fel
839 1778 1125 1822 amarum
1788 1758 2057 1842 liquisti,
2102 1757 2266 1841 heli,
2311 1757 2476 1841 heli,

345 1883 469 1948 per
515 1863 886 1945 spongiam,
933 1861 1050 1925 sed
1094 1861 1278 1928 libuit
1701 1862 1830 1926 hoc
1854 1862 2078 1929 mortis
2116 1869 2217 1925 est
2257 1862 2536 1945 exilium,

431 1966 560 2031 hoc
601 1967 829 2031 bibere
872 1973 936 2030 te
980 1986 1226 2049 parum.
1786 1965 2144 2049 plasmator
2189 1963 2356 2027 alme
2404 1962 2569 2027 coeli.

343 2125 667 2209 Dicendo,
717 2133 1260 2210 „consummatum
1305 2134 1425 2209 est,
1701 2127 1803 2195 En
1848 2128 2090 2193 morior
2132 2145 2255 2213 pro
2302 2128 2559 2192 homine
2599 2120 2604 2125 ’
2879 2130 2974 2195 25

433 2231 515 2295 de
560 2232 867 2316 passione
911 2251 1085 2313 mea,
1517 2231 1600 2295 10
1790 2233 1874 2298 de
1917 2242 2126 2298 morte
2170 2232 2583 2318 redimendo,

348 2336 523 2420 quod
569 2344 718 2400 ante
764 2336 1221 2421 prophetatum
1266 2341 1375 2400 est
1704 2337 1769 2400 in
1815 2356 2040 2400 manus
2085 2344 2230 2401 tuas
2269 2337 2524 2401 domine

432 2460 555 2523 per
598 2448 784 2505 vates
828 2441 895 2504 in
941 2435 1238 2505 Judaea.“
1791 2440 2084 2524 spiritum
2121 2438 2695 2509 commendando.“

346 2601 517 2670 Hinc
561 2604 688 2667 tuis
730 2621 853 2687 pro
898 2606 1251 2670 tortoribus
1705 2603 1820 2673 Sic
1863 2608 2073 2690 poenis
2116 2608 2184 2671 in
2228 2610 2655 2691 gravissimus

436 2713 691 2789 patrem
737 2710 1120 2791 exoravisti5
1791 2718 1862 2775 tu
1905 2710 2196 2793 pendens
2242 2713 2585 2778 clamitasti
2878 2717 2974 2783 30

348 2827 473 2893 pro
517 2809 642 2873 tuis
687 2808 1082 2877 derisoribus
1519 2813 1601 2876 15
1707 2814 1997 2879 altisonis
2044 2830 2188 2880 cum
2229 2819 2534 2900 vocibus,

438 2933 581 2980 cum
625 2914 905 2981 lacrimis
950 2916 1207 2981 dixisti:
1793 2938 1987 3001 quum
2030 2921 2231 2985 vitam
2275 2921 2616 2987 exhalasti.

515 3109 551 3161 2
589 3104 891 3161 clamitasti
925 3104 1017 3159 Hs.
1087 3105 1158 3158 30
1195 3109 1257 3159 tu
1289 3099 1435 3158 fehlt
1468 3101 1563 3158 Hs.

1292 3389 1414 3463 99.
1476 3390 1577 3462 ad
1615 3413 2000 3488 vesperam.

2501 3496 2532 3537 1

354 3571 470 3641 Ad
510 3592 858 3656 vesperam
904 3581 1194 3638 aromata
1712 3586 1779 3642 et
1823 3587 1996 3642 tuum
2041 3578 2551 3661 impetraverant

441 3678 543 3739 vir
587 3675 840 3759 Joseph
887 3677 1010 3741 deo
1059 3696 1250 3743 carus
1800 3681 2251 3765 corpusculum
2293 3683 2573 3749 beatum.

354 3789 425 3846 et
467 3779 886 3862 Nicodemum,
932 3788 1293 3863 grammata
2516 3863 2531 3876 ⁸

448 3886 555 3968 qui
598 3888 779 3951 novit
822 3886 989 3970 legis
1034 3907 1307 3971 gnarus,
1713 3860 1875 3928 oum
1920 3863 2148 3944 quibus
2193 3861 2575 3926 secundarffl

1034 4026 1041 4035 .
1800 3971 2083 4031 tortores
2130 3967 2427 4030 abierunt

359 4069 833 4153 Discipulorum
876 4068 1131 4132 nomine
1565 4072 1607 4135 5
1713 4077 1780 4136 et
1825 4070 1908 4136 ad
1954 4070 2168 4135 locum
2214 4069 2539 4137 Calvariae
2893 4074 2986 4139 15

446 4176 704 4260 private
749 4192 822 4238 se
865 4181 1172 4257 gerentes
1798 4184 1868 4239 te
1910 4181 2232 4241 mortuum
2271 4173 2592 4239 viderunt.

358 4282 623 4364 tibique,
673 4277 929 4344 Christe
976 4278 1260 4360 domine,

449 4384 703 4448 sincere
747 4380 1201 4462 condolentes,
1715 4364 2127 4447 Quapropter
2173 4385 2341 4448 grex
2386 4363 2762 4433 carnificum

1804 4484 1879 4530 os
1925 4468 2041 4532 tibi
2082 4486 2212 4533 non
2259 4469 2613 4557 confregit,

354 4569 701 4643 Audacter
742 4577 895 4635 tunc
936 4573 1341 4639 intraverant
1715 4568 2052 4652 Longinus
2097 4571 2217 4635 sed
2262 4572 2563 4641 deificum

450 4675 539 4748 ad
570 4673 859 4763 judicem
901 4672 1178 4745 Pilatum
1528 4673 1612 4741 10
1805 4682 1982 4749 tuum
2023 4675 2193 4745 latus
2235 4677 2510 4763 impegit
2893 4681 2991 4750 20
