3159 5259
407 485 474 541 V.
510 488 561 539 2.
616 485 867 556 Cltrfflwd-
903 482 971 536 th
1007 482 1286 537 sacerdot.
1323 484 1374 550 3,
1411 484 1461 537 3.
1533 480 1666 538 ὅταν
1718 483 1837 554 ῖδης
1876 482 1971 539 τὸν
2023 482 2211 558 κύριον
2250 486 2555 554 τεθυμένον
2614 487 2706 541 καὶ
2741 490 2848 543 καί·

234 594 426 646 μενον,
474 576 564 626 καὶ
599 571 691 625 τὸν
729 573 875 645 ἱερέα
911 567 1192 639 ἐφεστῶτα
1233 567 1310 640 τῷ
1347 567 1564 640 θύματα.
1601 574 1692 624 καὶ
1730 569 2128 642 ἐπευχόμενον,
2177 574 2269 626 καὶ
2302 568 2513 634 πάντας
2549 572 2733 645 ἐκείνῳ
2769 572 2850 646 τᾷ

231 665 393 733 τιμίῳ
431 661 884 729 φοινισσομένους
918 658 1135 728 αἵματι·
1197 648 1308 730 ἆρα
1354 659 1432 710 ἔτι
1478 655 1616 727 μετὰ
1671 653 1993 730 ἀνθρώπων
2041 650 2174 712 εἶναι
2222 661 2455 730 νομίζεις
2491 662 2584 713 καὶ
2620 658 2709 713 ἐπὶ
2746 658 2848 729 τῆς

233 746 338 819 γῆς
382 742 631 808 εἷο-πάγαις
678 775 742 784 —-
803 741 834 798 ὁ
880 742 1018 816 μετὰ
1067 742 1168 798 τοῦ
1219 741 1437 818 πατρὸς
1481 740 1596 799 ἄνω
1642 741 1962 814 καθήμενος
2008 742 2147 797 κατὰ
2184 743 2281 814 τὴν
2319 742 2471 820 ὤραν
2508 746 2704 814 ἐκείνην
2739 743 2849 800 τοῖν

233 830 490 888 ἁπάντων
544 832 828 898 κατέχεται
877 832 1038 904 χερσὶ
1086 834 1178 887 καὶ
1222 830 1450 885 δίδωσιν
1503 826 1668 885 αὑτὸν
1720 838 1836 893 τοῖς
1872 832 2224 904 βουλομένοις
2260 830 2719 908 περιπτύξασθαι
2755 834 2849 887 καὶ

234 916 556 991 περιλαβεῖν.
640 914 774 969 Dies
821 912 1041 970 betrifft
1087 917 1176 971 die
1226 917 1623 986 communion,
1686 917 1821 971 weil
1880 917 1987 972 den
2036 918 2311 975 Griechen
2358 921 2451 974 die
2500 920 2849 979 consecrirte

231 1005 433 1061 Bostie
469 1003 526 1056 in
563 1002 651 1056 die
689 1002 849 1057 Hand
886 1003 1144 1074 gegeben
1181 1005 1393 1060 warde.

409 1090 474 1144 V.
511 1092 594 1144 12.
644 1105 792 1145 mors
824 1088 1115 1158 infernalis,
1152 1106 1220 1145 so
1257 1089 1373 1144 viel
1407 1090 1518 1145 wie
1555 1106 1701 1145 mors
1734 1091 1967 1146 secunda
2002 1091 2059 1144 iu
2092 1092 2201 1146 No.
2238 1095 2364 1164 219,
2391 1097 2438 1147 7.
2511 1097 2671 1150 Auch
2704 1110 2851 1152 mors

227 1184 509 1252 perpetua,
581 1178 691 1232 wie
727 1177 822 1230 bei
856 1178 1121 1247 Anqusein.
1158 1176 1422 1231 enchirid.
1458 1178 1542 1230 29.
1597 1176 1843 1231 manebit
1890 1176 2010 1230 sine
2057 1173 2167 1232 fine
2216 1195 2369 1235 mors
2420 1180 2520 1236 illa
2568 1186 2852 1253 perpetua

233 1268 656 1332 damnatorum,
709 1263 766 1317 id
803 1268 922 1331 est,
978 1263 1250 1319 alienatio
1301 1281 1336 1318 a
1370 1263 1492 1317 vita
1529 1264 1632 1317 dei.
1729 1263 1954 1318 Ebenso
1990 1264 2047 1319 in
2085 1262 2393 1336 folgenden
2430 1268 2677 1323 Stellen:
2734 1270 2849 1324 Ista

232 1371 418 1422 mors,
468 1353 528 1407 in
562 1367 674 1421 qua
708 1365 844 1405 caro
881 1355 1185 1419 separatur
1220 1351 1293 1404 ab
1330 1350 1544 1418 anima,
1592 1350 1792 1405 umbra
1828 1349 1985 1404 illius
2017 1353 2216 1409 mortis
2252 1360 2367 1421 eet,
2422 1355 2479 1409 in
2515 1372 2627 1425 qua
2661 1356 2847 1411 anima

234 1446 534 1512 separatur
572 1454 607 1493 a
644 1438 767 1493 deo.
840 1436 1056 1506 (ἕτερον.
1091 1437 1163 1492 Μ.
1199 1453 1338 1495 mor.
1377 1440 1462 1504 11,
1499 1439 1552 1504 9,
1585 1439 1671 1492 26.
1741 1438 1897 1493 Mors
1934 1440 2195 1508 secunda,
2230 1456 2386 1496 mors
2425 1446 2659 1510 aeterna,
2693 1458 2847 1498 mors

233 1529 632 1600 gehennarum,
667 1539 820 1578 mors
858 1523 1234 1581 damnationis
1268 1540 1392 1582 cum
1427 1524 1659 1581 diabolo
1694 1530 1754 1580 et
1786 1524 2007 1596 angelis
2042 1526 2181 1599 eJus.
2227 1527 2353 1598 ipsa
2379 1533 2468 1583 est
2502 1544 2645 1585 vera
2676 1544 2851 1597 mors,

231 1632 364 1671 nam
396 1613 512 1669 'uta
541 1611 811 1683 migratio
850 1616 950 1666 est.
1020 1612 1284 1681 Auqm
1319 1613 1378 1667 in
1413 1627 1615 1683 evang.
1662 1612 1789 1667 Joh.
1825 1615 1913 1681 43,
1953 1616 2035 1667 11.
2105 1616 2231 1669 Νοιι
2268 1621 2357 1670 est
2391 1630 2533 1671 vera
2568 1615 2702 1683 vita,
2739 1613 2851 1671 nisi

231 1703 332 1758 ubi
365 1700 613 1757 feliciter
645 1700 892 1769 vivitur3
953 1715 1056 1755 nec
1093 1716 1235 1756 vera
1268 1701 1653 1772 incorruptio,
1693 1700 1801 1755 nisi
1836 1700 1933 1755 ubi
1967 1702 2124 1757 salus
2160 1703 2318 1758 nullo
2358 1703 2559 1759 dolore
2596 1719 2849 1760 corrun-

231 1792 400 1863 pitur.
456 1789 554 1845 ubi
588 1794 774 1844 autem
807 1786 1006 1845 infelix
1039 1788 1186 1845 mori
1219 1805 1334 1845 non
1369 1789 1571 1845 sinitur
1591 1829 1606 1857 ,
1642 1794 1705 1843 ut
1738 1789 1820 1844 ita
1855 1790 2051 1857 dicam,
2088 1805 2240 1845 mors
2275 1790 2405 1860 ipsa
2436 1807 2551 1846 non
2583 1791 2845 1859 moritur,

231 1884 292 1934 et
337 1878 434 1933 ubi
482 1877 650 1933 dolor
697 1882 1006 1947 perpetuus
1053 1895 1167 1933 non
1215 1877 1512 1945 interimit,
1568 1877 1669 1932 sed
1707 1875 1947 1949 affligit,
2002 1878 2130 1948 ipsa
2164 1878 2455 1949 corruptio
2493 1895 2607 1933 non
2642 1875 2849 1935 finitur.

229 1968 355 2023 haec
390 1966 449 2021 in
486 1964 696 2020 sanctis
734 1964 1030 2034 scripturis
1067 1966 1314 2020 secunda
1348 1982 1502 2021 mors
1541 1965 1758 2021 dicitur.
1829 1969 2091 2038 Auqmtin.
2129 1966 2332 2021 enchir.
2371 1969 2457 2020 23.

407 2053 473 2108 V.
510 2056 595 2108 27.
633 2054 715 2107 28.
769 2052 934 2109 Fides
984 2058 1070 2107 est
1105 2053 1314 2123 prima,
1371 2069 1496 2123 quae
1534 2053 1810 2125 subjugat
1845 2052 2085 2108 animam
2121 2054 2259 2123 deo;
2324 2053 2520 2107 deinde
2556 2056 2845 2124 praecepta

234 2140 478 2209 vivendi,
516 2142 715 2212 quibus
757 2140 1053 2197 custoditis
1092 2154 1222 2210 spes
1260 2146 1459 2195 nostra
1495 2137 1750 2195 firmatur
1788 2144 1846 2194 et
1880 2140 2124 2195 nutritur
2164 2140 2403 2210 caritaS,
2441 2145 2500 2195 et
2536 2140 2725 2194 lucere
2761 2139 2845 2193 in-

235 2227 400 2299 cipit,
438 2228 589 2300 quod
622 2232 791 2284 antea
829 2229 1210 2285 tantummodo
1249 2229 1598 2284 credebatur.
1670 2231 1933 2299 Auyuslin.
1970 2246 2122 2303 agon
2154 2229 2343 2285 christ.
2374 2233 2454 2285 14.
2510 2230 2568 2287 S.
2603 2231 2706 2287 No.
2726 2233 2777 2299 5,
2795 2232 2844 2284 4.

1212 2513 1387 2585 216.
1454 2513 1544 2583 ln
1598 2511 1860 2585 eadem.

225 2712 380 2781 Ave
423 2717 697 2779 verbum
737 2714 1136 2780 incarnatum
1156 2762 1174 2796 ,
1587 2713 1788 2779 Salve
1836 2733 2075 2799 corpus
2118 2715 2329 2781 Jhesu
2373 2714 2648 2798 Christi,

225 2817 294 2881 in
340 2818 530 2885 altari
574 2825 1041 2899 consecratum,
1589 2818 1695 2898 qni
1743 2816 1824 2878 dc
1870 2818 2036 2880 coelo
2082 2816 2477 2881 descendisti

219 2924 413 3003 panis
455 2938 652 2985 verus
698 2921 1075 3001 anqelorum,
1586 2920 2025 3003 populumque
2071 2921 2388 3002 liberasti,

228 3041 382 3107 spes
430 3030 497 3086 et
539 3023 715 3088 salus
759 3026 1159 3107 miserorum,
1589 3041 1729 3086 cum
1772 3025 1840 3087 in
1884 3041 2067 3088 cruce
2105 3025 2481 3106 pependisti,

227 3124 549 3190 medicina
593 3133 1027 3207 peccatorum.
1440 3129 1478 3190 5
1588 3124 1794 3188 libera
1838 3143 1939 3188 me
1984 3125 2194 3191 Jhesu
2239 3123 2515 3188 Christe.
2759 3123 2841 3186 10

410 3276 502 3330 Hs.
540 3293 608 3331 zu
645 3277 960 3333 Karlsruhe
998 3291 1049 3331 v.
1087 3280 1240 3334 1440.
1289 3278 1374 3334 Bl.
1411 3277 1515 3332 128
1564 3276 1706 3346 (Β),
1771 3276 1844 3329 im
1879 3273 2151 3331 Hortalus
2188 3273 2386 3329 animm
2436 3273 2630 3344 (Lyon
2666 3273 2843 3342 1516)

230 3363 317 3418 ΒῙ.
354 3365 459 3417 168
511 3363 628 3434 (Η)
675 3364 787 3419 und
822 3365 913 3418 bei
948 3367 1143 3422 Daniel
1171 3369 1224 3435 2,
1261 3368 1382 3420 327.
1431 3381 1533 3420 aus
1579 3364 1730 3419 Levis
1765 3364 1953 3418 anecd.
2002 3378 2056 3433 p.
2105 3364 2237 3430 108,
2295 3362 2433 3417 aber
2469 3358 2665 3415 defekt
2715 3360 2842 3430 (L).

227 3451 344 3508 Das
380 3450 570 3505 kleine
605 3452 741 3507 Lied
775 3468 901 3507 war
938 3453 1063 3511 also
1101 3454 1159 3509 in
1193 3453 1422 3523 ltalien,
1474 3452 1822 3508 Frankreich
1857 3452 1968 3507 und
2005 3452 2382 3509 Teutschland
2418 3451 2491 3507 im
2529 3449 2841 3507 Gebrauch.

232 3539 331 3595 He.
368 3556 438 3594 zu
471 3540 750 3611 Freiburg
787 3541 892 3595 No.
931 3542 1016 3595 91.
1053 3538 1092 3595 f.
1128 3543 1199 3597 4-4
1235 3541 1358 3611 (F).

406 3656 441 3708 3
494 3654 658 3709 vivus
712 3656 816 3710 FL.
911 3658 947 3709 4
999 3656 1155 3711 salus
1209 3672 1341 3727 spes
1390 3654 1825 3711 christianorum
1878 3652 1949 3722 L,
2013 3650 2356 3709 infirmorum
2412 3649 2506 3707 fiir
2558 3651 2675 3706 mis.
2732 3649 2846 3705 Fu.

227 3741 263 3793 5
301 3735 445 3795 fehlt
480 3740 584 3797 BL.
657 3744 692 3794 7
727 3742 880 3812 quod
913 3742 1024 3798 FB.
1106 3743 1285 3796 7--10
1320 3739 1465 3796 fehlt
1499 3742 1555 3797 L.
1621 3741 1655 3796 8
1689 3739 1959 3811 populum
1994 3743 2147 3795 tuum
2183 3740 2247 3807 B,
2285 3743 2343 3793 et
2377 3737 2645 3808 populum
2680 3736 2842 3791 rede·

223 3828 378 3885 misti
413 3828 521 3884 HF.
593 3831 627 3883 9
676 3827 822 3886 fehlt
870 3831 930 3885 Β.
1006 3831 1074 3884 10
1124 3827 1271 3884 fehlt
1304 3830 1411 3887 FB.
1485 3830 1530 3885 Β
1581 3815 1713 3900 fiigt
1760 3828 1880 3883 bei:
1942 3828 2015 3883 ab
2053 3828 2309 3883 omnibus
2344 3824 2562 3879 insidiis
2599 3822 2841 3878 omnium

225 3915 575 3972 inimicorum
610 3933 861 3973 meorum
896 3923 956 3972 et
991 3933 1026 3972 a
1063 3917 1361 3974 subitanea
1397 3922 1455 3971 et
1491 3916 1805 3986 improvisa
1838 3921 2022 3971 morte
2058 3919 2116 3969 et
2151 3914 2223 3969 ab
2261 3911 2408 3968 omni
2442 3906 2607 3964 malo.
2665 3924 2844 3963 amen.

227 4001 274 4058 F
311 3998 443 4075 fiigt
478 4003 620 4058 auch
657 4005 804 4059 noch
841 4004 932 4059 ein
969 4004 1150 4061 Gcbet
1185 4005 1292 4059 bei.
1365 4003 1551 4062 Ueber
1589 4004 1678 4058 die
1718 4002 2043 4058 entlehnten
2078 4001 2261 4054 Verse
2297 4016 2340 4053 s.
2375 3998 2479 4053 No.
2506 3998 2628 4050 217.

802 4288 975 4363 217.
1043 4286 1133 4358 In
1174 4285 1562 4363 elevatione
1612 4285 1931 4383 corporis
1986 4281 2271 4356 Christi.

222 4488 353 4555 Ave
395 4505 610 4555 verum
654 4507 880 4573 corpus
926 4490 1182 4576 Christi,
1589 4488 1718 4555 Ave
1762 4505 1916 4553 caro
1964 4484 2193 4553 Glari-m
2236 4504 2419 4567 cara,

224 4593 398 4674 quod·
429 4595 498 4659 in
540 4609 722 4659 etr-wc
756 4596 1108 4675 pependi-§fl
1217 4676 1228 4683 ,
1587 4587 1912 4657 malaca
1954 4591 2159 4657 crucis
2201 4605 2352 4669 am,
2800 4589 2843 4651 ⁵

302 4711 428 4778 pro
470 4695 674 4763 salute
714 4696 1049 4762 hommum.
1447 4740 1454 4745 -
1672 4688 1997 4757 medicina
2039 4688 2389 4756 (ainhun.
