3159 5259
379 251 514 319 298

561 435 584 472 ¹
617 431 767 490 fehlt
801 435 893 489 ein
934 436 1142 502 Wort,
1195 433 1342 488 ohne
1381 433 1587 489 Liicke.
1679 432 1702 469 ²
1736 436 1793 487 te
1828 427 1989 487 fehlt.
2075 433 2126 487 2.
2162 430 2198 485 6
2233 435 2295 486 tu
2328 430 2477 488 fehlt
2512 433 2573 489 Β.
2665 436 2699 488 7
2735 434 2892 491 salus
2931 442 3003 492 te

379 536 483 576 am.
520 521 582 577 B.
678 523 712 575 8
758 536 917 576 amor
963 521 1025 576 Β.
1124 522 1170 577 9.
1209 524 1274 574 11
1324 520 1428 575 der
1461 521 1740 576 Nominat.
1787 521 1846 575 in
1892 520 1955 575 B.
2053 522 2122 574 12
2182 518 2516 575 dilectorum
2564 521 2627 576 Β.
2724 522 2885 579 Nach
2920 525 3001 578 12

379 605 748 762 ᾔεῐΜΒωιοιιιὲ,ο
772 693 884 749 mel
918 698 978 748 et
1012 693 1230 749 aemilia
1265 695 1330 766 (l.
1365 695 1600 766 simila),
1868 695 2144 751 saturitas
2180 687 2516 748 suavissima

589 785 791 850 gustus
826 780 1151 849 suavitatis,
1945 779 2092 837 fame
2126 778 2401 853 fatigatis.

377 884 445 935 15
482 878 673 938 fateor
707 884 783 950 A,
838 888 895 937 te
931 879 1175 938 fideliter
1212 882 1274 938 B.
1363 884 1432 939 16
1469 887 1526 939 te
1562 880 1709 939 fehlt
1743 884 1808 939 B.
1903 886 1974 937 17
2020 885 2079 939 in
2114 900 2239 939 mea
2275 884 2338 939 Β.
2426 882 2495 937 18
2532 887 2664 937 sunt
2699 879 2736 938 f.
2774 880 2890 939 fert
2924 885 2992 939 B.

379 968 449 1021 19
483 970 635 1022 tuam
671 984 775 1039 per
808 969 1173 1039 praesentiam
1209 969 1270 1023 B.
1356 971 1423 1022 21
1464 969 1546 1023 nil
1579 969 1729 1040 apud
1770 975 1828 1025 te
1866 969 1927 1025 B.
2023 974 2094 1023 22
2131 969 2267 1025 mihi
2302 965 2341 1023 f.
2378 968 2496 1024 mis.
2535 968 2594 1023 B.
2683 972 2754 1023 23
2794 968 2893 1023 sed
2929 970 2995 1023 in

377 1070 466 1109 me
502 1055 621 1109 ard.
658 1055 719 1109 B.
806 1057 877 1109 25
914 1070 1016 1110 cor
1049 1071 1230 1110 meum
1276 1055 1621 1111 sensibiliter
1656 1057 1717 1112 Β.
1805 1057 1876 1110 29
1927 1071 2033 1126 per
2067 1056 2179 1111 mei
2213 1057 2368 1110 cord.
2403 1072 2454 1109 n.
2490 1056 2551 1110 B.
2638 1056 2712 1110 30
2747 1061 2875 1111 tuos
2915 1057 2997 1112 da

381 1137 421 1194 f.
456 1142 516 1194 Β.
589 1142 660 1195 32
688 1145 747 1196 et
773 1138 917 1198 fehlt
941 1143 1003 1196 Β.
1077 1144 1148 1195 33
1177 1143 1308 1199 Chr.
1335 1141 1482 1199 fehlt
1505 1147 1586 1213 A,
1621 1160 1675 1201 v.
1707 1145 1837 1202 Chr.
1862 1145 1994 1199 veni
2019 1145 2112 1215 pie
2153 1146 2213 1200 Β.
2268 1145 2342 1198 34
2382 1159 2484 1199 rex
2519 1141 2665 1200 fehlt
2699 1144 2761 1199 B.
2822 1146 2894 1199 35
2930 1144 2995 1199 in

380 1226 506 1281 sinu
539 1227 741 1282 mentis
776 1243 915 1281 meae
950 1229 1013 1282 Β.
1082 1226 1152 1282 36
1189 1228 1438 1301 digneris
1476 1230 1530 1285 h.
1564 1231 1628 1286 Β.
1697 1230 1858 1286 Nach
1892 1232 1964 1285 36
2001 1228 2131 1303 fiigt
2165 1232 2211 1286 Β
2251 1229 2369 1284 ein:

517 1314 661 1373 Meae
696 1314 852 1369 salus
887 1315 1114 1384 animae,
1873 1317 2068 1386 dulce,
2104 1318 2244 1373 Jesu
2280 1316 2533 1385 domine,

587 1401 886 1473 dignanter
920 1402 1211 1472 hospitare
1225 1441 1240 1471 ,
1941 1401 2038 1460 fac
2070 1419 2158 1458 me
2194 1403 2502 1458 humiliare.

374 1508 447 1561 37
483 1505 804 1576 caritasque
843 1507 910 1561 A.
986 1508 1060 1560 38
1095 1507 1179 1561 sic
1214 1504 1360 1561 fehlt
1395 1508 1470 1578 B,
1519 1512 1576 1562 te
1614 1505 1759 1564 fehlt
1790 1509 1858 1564 A.
1926 1510 1999 1563 40
2033 1513 2096 1563 tn
2131 1505 2278 1563 fehlt
2310 1508 2373 1562 Β.
2454 1507 2521 1561 41
2558 1521 2646 1560 me
2682 1504 2741 1561 B.
2815 1506 2885 1560 42
2920 1511 2993 1563 ut

377 1591 592 1661 possim
633 1596 691 1647 te
726 1590 920 1646 videre
956 1592 1016 1646 B.
1083 1594 1155 1647 43
1190 1608 1411 1663 semper
1448 1598 1508 1650 et
1543 1595 1776 1651 cottidie
1814 1597 1877 1652 Β.
1930 1597 2002 1650 44
2039 1610 2163 1652 cum
2204 1595 2387 1651 beatis
2423 1592 2671 1666 gaudere
2708 1594 2769 1648 B.
2828 1595 2995 1651 Dann

378 1674 535 1750 folgt
568 1678 626 1733 in
661 1679 706 1733 B
744 1679 870 1733 eine
906 1678 1103 1749 eigene
1140 1678 1422 1751 Strophe:

518 1768 565 1824 Ο
601 1781 703 1821 rex
737 1765 944 1837 gloriae
957 1806 973 1836 ,
1569 1816 1572 1819 .
1737 1814 1741 1817 ,
1875 1773 2001 1826 esto
2038 1769 2206 1825 dator
2242 1768 2448 1841 gratiae
2463 1808 2478 1839 ,

585 1853 795 1908 nullius
836 1868 1049 1907 memor
1085 1852 1205 1923 irae,
1941 1871 2012 1909 ne
2047 1856 2199 1910 sinas
2235 1870 2325 1909 me
2360 1853 2567 1925 perire.

372 1958 574 2013 Davon
637 1958 836 2011 stehen
888 1958 936 2009 1.
991 1958 1028 2009 2
1082 1957 1229 2012 oben
1284 1960 1370 2013 43.
1425 1960 1510 2013 44.
1608 1959 1679 2012 46
1728 1959 1885 2028 pacis
1933 1964 1994 2015 et
2039 1961 2249 2015 amoris
2303 1960 2366 2014 Β.
2463 1961 2529 2011 51
2567 1957 2885 2028 peccatrice
2922 1958 2991 2013 Β.

378 2045 451 2097 53
486 2043 745 2098 salvator
781 2041 1030 2113 piissime
1065 2043 1128 2098 B.
1198 2045 1268 2098 56
1300 2060 1453 2113 mea,
1504 2043 1646 2101 oder
1681 2045 1740 2099 in
1777 2061 1847 2100 ea
1882 2046 1946 2101 Β.
2017 2046 2084 2099 61
2122 2050 2185 2101 tn
2224 2049 2325 2101 tot.
2362 2045 2426 2101 B.
2496 2045 2566 2098 62
2600 2060 2770 2099 verus
2807 2044 2993 2115 Hyly-

377 2145 509 2184 sens
544 2129 604 2183 B.
675 2130 746 2183 63
795 2129 1140 2199 amplectere
1188 2130 1250 2184 Β.
1332 2131 1404 2184 66
1441 2136 1499 2184 et
1535 2128 1682 2184 fehlt
1716 2131 1779 2185 Β.
1863 2132 1934 2186 69
1975 2131 2034 2186 ἰιι
2072 2147 2183 2187 car.
2220 2132 2281 2187 Β.
2355 2132 2423 2184 71
2462 2131 2555 2184 cui
2587 2146 2754 2186 sacra
2787 2137 2991 2187 sancta

374 2216 621 2273 membra
656 2218 716 2272 B.
786 2219 859 2270 ¹72
893 2220 992 2271 tua
1028 2219 1180 2288 conj.
1215 2217 1279 2272 Β.
1347 2219 1420 2272 ¹73
1458 2232 1604 2273 nunc
1639 2215 1784 2273 fehlt
1819 2218 1883 2287 B,
1920 2218 2004 2273 tui
2037 2218 2123 2273 br.
2156 2218 2222 2273 B.
2295 2220 2363 2271 75
2401 2232 2532 2272 cum
2566 2216 2784 2289 ingenti
2819 2233 2903 2289 gr.
2923 2219 2990 2273 Β.

374 2307 446 2359 ‘17
481 2308 541 2359 et
574 2303 719 2375 ingr.
756 2304 819 2359 B.
902 2304 973 2359 78
1009 2309 1069 2359 et
1102 2301 1250 2360 fehlt
1284 2306 1348 2361 Β.
1436 2306 1509 2361 80
1542 2321 1749 2376 precor
1785 2310 1842 2362 te
1880 2321 1987 2361 am.
2020 2306 2084 2361 B.
2173 2301 2396 2361 Darauf
2423 2302 2622 2378 fulgen
2653 2305 2716 2359 in
2756 2306 2803 2361 Β
2840 2305 2991 2363 noch

371 2392 527 2449 diese
561 2391 769 2446 verse:

404 2530 412 2536 -
507 2494 700 2564 dhesu,
733 2492 934 2550 confer
969 2495 1213 2566 gratiam
1797 2496 1974 2553 Pater
2006 2495 2142 2550 mihi
2176 2496 2393 2553 tribuat

584 2588 646 2639 et
678 2583 770 2638 hic
806 2580 875 2651 (l.
911 2582 1026 2651 sic)
1061 2581 1360 2652 humiliari,
1870 2587 1931 2637 et
1948 2583 2007 2637 in
2022 2583 2370 2638 mortalitate
2390 2583 2456 2655 (1.
2470 2581 2992 2654 immortalitatem)

512 2671 578 2721 nt
609 2665 670 2721 in
703 2682 886 2737 regno
921 2666 1143 2721 valeam
1798 2666 2110 2745 paraclitus
2145 2668 2419 2723 concedat

511 2805 520 2812 .
586 2768 691 2824 per
727 2758 783 2808 te
817 2749 1111 2807 vivificari.
1870 2753 1930 2807 in
1966 2757 2023 2810 te
2061 2755 2486 2824 perennitatem.

512 2873 599 2929 Da
631 2872 800 2926 michi
834 2875 891 2927 te
927 2887 1160 2927 cernere
1800 2872 2169 2928 Decantemus
2206 2875 2426 2945 pariter

585 2960 747 3015 deum
781 2960 839 3014 in
877 2960 1116 3031 decore,
1870 2957 2117 3028 gloriam
2152 2959 2487 3030 angelorum

514 3051 613 3103 tuo
652 3047 725 3102 da
761 3046 1048 3118 colloquio
1802 3047 1861 3099 et
1893 3060 1999 3099 nos
2035 3046 2131 3119 eja
2157 3047 2381 3120 jugiter

583 3149 669 3189 me
706 3130 821 3188 frui
857 3149 926 3189 ex
961 3146 1166 3187 amore.
1870 3129 2119 3186 dicamus
2153 3134 2351 3190 laudes
2386 3149 2595 3190 eorum.

552 3260 638 3315 zu
672 3260 778 3315 den
803 3261 1041 3316 Liedern
1075 3259 1187 3315 und
1212 3258 1459 3315 Gebeten
1496 3256 1589 3312 bei
1624 3256 1726 3311 der
1761 3257 2125 3313 Communion
2156 3255 2391 3310 wurden
2417 3254 2667 3309 einzelne
2698 3253 2989 3325 Strophen

372 3361 476 3402 aus
514 3347 727 3402 andern
761 3346 1000 3402 Liedern
1035 3346 1148 3401 und
1183 3345 1488 3402 Gedichten
1523 3344 1789 3413 ontlehnt,
1831 3344 1944 3398 wie
1981 3344 2102 3400 dies
2143 3343 2205 3397 in
2239 3341 2342 3396 der
2379 3341 2756 3413 Hymnologie
2791 3338 2991 3414 hfiufig

373 3433 721 3503 vorkommt,
781 3433 895 3489 und
942 3433 1064 3487 hier
1112 3432 1291 3487 durch
1335 3429 1575 3491 witero
1612 3430 1892 3500 Beispiele
1940 3430 2138 3501 belegt
2182 3428 2345 3484 wird.
2423 3427 2525 3483 Die
2561 3428 2657 3483 Hs.
2697 3445 2766 3482 zu
2802 3427 2986 3498 Trier,

371 3516 846 3586 Domhibliothek,
883 3519 989 3574 No.
1023 3522 1073 3572 2.
1107 3518 1167 3576 F.
1203 3535 1306 3574 aus
1342 3518 1468 3573 dem
1504 3520 1571 3571 15
1608 3517 1801 3574 Jahrh.
1841 3516 2060 3573 enthiilt
2095 3515 2394 3588 folgendes
2437 3514 2615 3572 Gebet
2657 3516 2799 3572 oder
2831 3515 2986 3571 Lied.

371 3606 518 3662 Ante
555 3604 1010 3659 communionem.

592 3690 701 3746 Tua
733 3691 892 3745 Jlaesu
928 3692 1128 3746 dilectio
1872 3693 2039 3762 replet
2068 3693 2180 3745 sine
2213 3687 2426 3760 fastidio

580 3780 736 3847 qrata
767 3779 952 3831 neentis
984 3774 1227 3844 refectio,
1864 3777 1995 3832 dan-s
2026 3776 2224 3846 famem
2257 3776 2529 3829 desiderio.

369 3878 567 3935 Dieses
603 3879 681 3935 ist
714 3878 838 3934 eine
873 3878 1124 3948 Strophe
1159 3892 1260 3933 aus
1298 3876 1421 3932 dem
1453 3877 1676 3934 anilus
1713 3895 1756 3934 s.
1792 3877 2105 3933 Bernhardi
2151 3877 2213 3933 in
2258 3875 2848 3934 commemorationem
2883 3875 2987 3931 do-

370 3965 589 4021 minicae
624 3966 922 4037 passionis,
959 3965 1060 4020 der
1093 3970 1264 4020 unten
1299 3965 1387 4021 als
1423 3966 1637 4023 Cursus
1674 3966 1745 4020 de
1782 3972 1998 4020 aeterna
2031 3964 2313 4036 sapientia
2346 3962 2690 4035 mitgetheilt
2724 3963 2830 4031 ist,
2864 3961 2983 4017 und

369 4054 514 4110 auch
548 4053 641 4109 bei
675 4055 868 4110 Daniel
899 4057 948 4124 1,
981 4054 1302 4132 228.Asteht.
1368 4051 1594 4111 Dareus
1620 4050 1774 4126 folgt
1805 4053 1865 4108 in
1900 4052 2197 4108 derselben
2232 4052 2327 4108 Hs.
2364 4052 2549 4108 dieses
2594 4050 2797 4107 Gebet:
2835 4050 2983 4108 Post

370 4156 823 4198 commumonem.

585 4230 629 4285 0
665 4246 817 4301 quam
852 4229 1013 4285 dulcis
1047 4244 1207 4300 sapor
1240 4232 1365 4286 iste!
1864 4230 2002 4284 mori
2028 4230 2204 4298 posset
2230 4242 2349 4298 proe
2383 4240 2591 4296 more,

581 4321 668 4389 qui
701 4322 748 4373 te
780 4323 975 4389 questas,
1002 4319 1162 4375 Jlaesu
1198 4318 1408 4391 Christe,
1935 4319 1985 4369 te
2019 4329 2203 4369 arnam
2235 4317 2416 4384 unice,

586 4405 672 4457 luo
706 4404 866 4457 victus
899 4420 934 4458 a
969 4405 1182 4460 dulcore
1933 4402 2111 4460 Jhesu
2146 4403 2389 4459 Christe.

374 4488 491 4544 Aus
531 4488 656 4544 dem
688 4489 857 4546 Liede
892 4490 1215 4546 Bernhards
1250 4490 1340 4546 Ad
1372 4490 1522 4546 latus
1558 4489 1788 4561 Christi,
1824 4490 1937 4546 Str.
1965 4491 2014 4547 8.
2078 4490 2183 4547 No.
2222 4492 2341 4545 126.

551 4629 617 4683 V.
654 4630 700 4683 9.
757 4629 1145 4685 candidissime
1180 4632 1357 4702 panis.
1420 4631 1478 4689 S.
1515 4631 1605 4688 die
1631 4630 1989 4705 Bemerkung
2021 4631 2163 4692 iiber
2198 4630 2300 4687 das
2335 4629 2553 4693 Manna.
2611 4628 2716 4687 No.
2740 4630 2868 4699 225,
2896 4630 2981 4686 18.
