3159 5259
780 614 1105 701 Prologus
1147 616 1214 682 iu
1258 616 1620 703 subjeetum
1668 617 2060 702 opusculum.

647 787 883 843 Rithmis
920 794 979 843 et
1010 804 1179 844 seusu
1215 786 1522 844 verborum
1554 789 1938 845 consociatum

646 873 979 944 psalterium
1011 875 1217 945 heau,
1266 874 1351 930 sie
1385 880 1477 930 est
1511 890 1655 946 opus
1691 875 1801 929 hoe
1835 875 2161 935 vocitatum.

645 959 741 1033 qui
774 960 919 1034 legit
954 962 1197 1032 intente,
1233 978 1562 1033 quocunque
1600 961 1800 1019 dolore
1836 971 2125 1033 prematur
2138 1006 2154 1036 ,

644 1048 851 1104 sentiet
886 1048 1012 1103 iude
1047 1049 1255 1106 honum
1292 1050 1460 1107 dolor
1494 1051 1621 1122 ejus
1658 1055 1718 1105 et
1753 1050 2092 1122 alleviatum

645 1150 788 1207 ergo
824 1136 952 1206 pius
986 1135 1147 1209 legat
1183 1138 1294 1192 hoe
1328 1138 1454 1210 ejus
1491 1137 1595 1191 sub
1631 1153 1822 1193 amore
1861 1138 2132 1210 libenter,

644 1223 807 1295 eujus
843 1222 921 1276 ibi
957 1238 1160 1277 nomen
1194 1222 1464 1293 scriptum
1498 1223 1657 1278 videt
1692 1240 1820 1279 esse
1857 1222 2200 1296 frequenter.

642 1308 830 1364 Edidit
864 1309 974 1364 hoo
1009 1325 1237 1365 carmen
1270 1309 1492 1380 quidum
1538 1312 1845 1366 monachus
1880 1313 2202 1385 griseorum

642 1394 718 1451 ad
751 1395 974 1451 laudem
1008 1396 1219 1452 domiui
1251 1396 1428 1453 nm
1464 1395 1816 1469 studiumque
1852 1398 2149 1458 bonorum.

138 1601 278 1656 Ave
311 1601 489 1657 Jhesu
508 1642 523 1671 ,
557 1602 855 1660 beatorum

140 1701 283 1756 spes
318 1692 380 1742 et
412 1689 566 1747 salus
601 1691 937 1748 miserorum
952 1736 967 1765 ,

138 1773 248 1828 lux
282 1780 341 1830 et
375 1776 471 1831 via
504 1782 566 1831 tu
591 1779 909 1851 justorum,

141 1857 261 1913 iter
297 1860 515 1929 spernis
551 1861 860 1932 impiorum.

140 2006 274 2063 Ave
312 2008 525 2063 candor
559 2026 811 2084 purgans
847 2020 1087 2084 mentes,

141 2092 209 2147 iu
246 2110 409 2164 quem
444 2093 688 2153 fremunt
724 2096 941 2155 frustra
975 2106 1193 2174 gentes,

142 2180 469 2238 invidorum
507 2200 613 2240 nos
649 2187 916 2243 rodentes

144 2272 211 2325 ot
246 2270 487 2327 hostiles
523 2275 694 2329 tunde
731 2275 944 2333 dentes.

140 2419 269 2475 Ave
308 2436 510 2476 nomeu
547 2422 708 2478 dulce
745 2424 981 2496 Jhesus,

143 2513 210 2563 tu
246 2507 315 2562 de
351 2516 539 2565 monte
575 2511 724 2582 lapis
760 2528 942 2569 coesus

70 2612 86 2632 ·
142 2600 209 2650 et
241 2595 436 2651 vitalis
470 2599 670 2653 mentis
710 2616 871 2670 esus,

142 2680 224 2736 ad
258 2686 316 2736 te
351 2682 558 2738 clamat
590 2685 760 2742 homo
786 2687 973 2742 laesus.

150 2828 273 2884 Ave
309 2835 493 2898 portae
533 2831 665 2886 coeli
700 2832 907 2903 clavis,

144 2911 327 2967 Jhosu
362 2913 545 2968 dulcis
579 2921 638 2970 et
673 2918 891 2985 suavis,

152 2996 226 3052 ad
260 3003 315 3054 te
353 2999 534 3055 clamo
571 3002 743 3056 corde
780 3004 1005 3076 gravis,

149 3083 246 3154 qui
282 3100 446 3154 quam
478 3092 718 3141 mortem
753 3088 928 3144 vitam
961 3090 1157 3146 mavis.

150 3232 274 3288 Ave
306 3232 485 3289 Jhesu
521 3235 698 3291 dulcis
737 3254 911 3310 sono,

149 3333 303 3372 sume
339 3324 438 3375 tuo
473 3337 644 3392 super
680 3324 888 3379 throno

148 3405 329 3460 verba
362 3422 514 3477 mea,
552 3424 677 3478 quae
712 3424 976 3482 propono

147 3493 375 3565 pietatis
410 3502 523 3552 tuae
560 3498 724 3554 douo.

149 3644 271 3700 Ave
307 3646 463 3701 salus
503 3652 716 3703 uostrae
758 3650 907 3720 spei,

147 3729 442 3800 miserere,
478 3731 680 3803 Jhesu,
717 3733 852 3804 mei,

142 3832 187 3872 o
222 3816 458 3873 dulcedo
493 3819 734 3890 requiei,

150 3908 211 3959 tu
242 3920 328 3960 me
364 3921 530 3976 sana,
567 3908 749 3963 virtus
787 3908 889 3965 dei.

149 4049 294 4116 Ave,
332 4051 494 4121 eujus
530 4069 750 4124 semper
785 4071 916 4125 ero,

148 4152 236 4192 me
269 4136 342 4191 ab
380 4139 543 4194 hoste
578 4156 749 4193 serva
784 4138 908 4197 fero
922 4181 938 4211 ‚

152 4225 208 4276 te
243 4226 484 4277 tutorem
519 4240 698 4278 meum
736 4240 960 4295 quaero,

152 4308 209 4363 in
242 4314 326 4378 te,
362 4309 567 4380 Jhesu,
603 4311 735 4383 quia
771 4328 959 4385 spero.

153 4457 272 4513 Ave
305 4471 508 4512 nomeu
541 4458 950 4533 admirandum,

157 4544 291 4601 orbe
327 4549 454 4603 toto
489 4546 933 4619 praedicandum,

152 4631 322 4689 Jhesu
357 4634 536 4691 dulcis
572 4637 646 4692 ad
681 4636 1020 4694 narrandum

154 4733 255 4777 uos
286 4721 563 4780 ascendas
597 4722 673 4781 ad
707 4723 1018 4784 amandum.

1506 1609 1631 1663 Ave
1666 1608 1844 1666 Jhesu
1876 1609 1953 1666 mi
1985 1606 2259 1680 benigue,

1508 1711 1710 1750 nomeu
1747 1700 1901 1751 tuum
1936 1696 2011 1751 ob
2046 1695 2269 1766 insigne

1508 1797 1684 1853 surge
1720 1783 1916 1852 velox,
1954 1799 2023 1837 ue
2058 1780 2305 1852 maligne

1507 1874 1713 1941 surgat
1745 1869 1930 1925 hostis
1965 1870 2023 1924 iu
2057 1885 2147 1924 me
2181 1868 2372 1939 digne.

1506 2019 1632 2073 Ave
1667 2032 1869 2087 passer
1905 2013 2170 2072 salutaris
2183 2053 2199 2082 ‚

1508 2103 1603 2174 qui
1640 2099 1961 2172 frequenter
1996 2098 2306 2153 immolaris

1507 2202 1680 2259 super
1715 2187 1825 2241 tuis
1860 2185 2039 2240 sacris
2075 2184 2192 2239 aris
2212 2223 2227 2252 ‚

1506 2288 1785 2344 nunquam
1818 2277 2008 2329 tamen
2040 2267 2407 2327 eonsumrb.

1503 2423 1628 2477 Ave
1662 2420 1838 2476 Jhesu
1874 2431 2089 2486 uosque
2126 2428 2298 2469 serva

1503 2525 1542 2564 a
1575 2507 1849 2579 progenie
1885 2508 2160 2576 proterva

1502 2595 1713 2665 hostis,
1749 2595 1931 2665 ipsum
1966 2596 2028 2647 tu
2061 2589 2352 2646 subnem

1501 2696 1716 2751 nosque
1754 2679 1858 2735 tibi
1891 2690 2189 2734 eoaeerva.

1502 2828 1626 2883 Ave
1662 2832 1858 2882 noster
1893 2826 2204 2882 advocatus
2218 2865 2234 2894 ,

1502 2929 1574 2968 ne
1611 2914 1668 2967 in
1703 2918 1886 2969 morte
1923 2914 2229 2982 soporatus

1502 3001 1660 3057 hosti
1693 3001 1890 3057 tradar
1924 3001 2264 3070 imparatus,

1502 3105 1610 3161 per
1645 3095 1702 3145 te
1741 3103 1971 3160 surgam
2006 3085 2300 3142 excitatus.

1503 3239 1628 3295 Ave
1662 3236 1865 3303 ,ll-esu,
1901 3237 2095 3288 rector
2130 3243 2378 3298 morum,

1505 3324 1841 3380 distributor
1875 3320 2200 3375 meritorum
2213 3357 2229 3387 ‚

1504 3417 1568 3466 tu
1602 3407 1882 3465 defectum
1917 3404 2228 3461 studiorum

1503 3499 1706 3569 supple
1743 3510 1939 3567 quaeso
1980 3498 2040 3549 te
2074 3503 2342 3547 meorum.

1502 3647 1626 3703 Ave
1662 3644 1866 3710 Jhesu,
1903 3639 2083 3697 dulcis
2121 3642 2305 3707 totus,

1500 3750 1607 3806 per
1642 3739 1702 3789 te
1741 3731 1845 3787 sim
1880 3730 1937 3783 iu
1974 3733 2161 3784 moute
2196 3731 2368 3782 notus

1503 3826 1703 3878 sancto
1739 3826 1838 3874 tuo
1852 3860 1866 3888 ,
1903 3834 2015 3888 quo
2052 3817 2348 3886 promotus

1502 3925 1676 3965 sanus
1710 3904 1841 3961 fiam
1877 3919 2024 3958 nuuc
2061 3903 2334 3971 aegrotus.

1501 4058 1624 4112 Ave
1660 4058 1724 4109 tu
1758 4049 2047 4106 sollemnis
2082 4043 2263 4116 festu,

1501 4147 1566 4197 tu
1600 4139 1852 4195 solamen
1888 4153 1950 4192 es
1986 4136 2044 4189 iu
2079 4137 2314 4201 moestu,

1502 4226 1692 4285 caruis
1729 4240 1900 4280 serva
1935 4238 2022 4278 me
2057 4220 2131 4276 ab
2161 4223 2338 4288 matu,

1504 4318 1638 4389 quia
1672 4315 1810 4370 deus
1842 4328 1999 4369 meus
2034 4326 2098 4365 es
2135 4313 2214 4365 tu.

1504 4466 1628 4520 Ave
1659 4462 1867 4531 steen,
1901 4459 1990 4514 vis
2025 4458 2245 4529 diviua,

1502 4553 1582 4608 ad
1615 4567 1722 4607 nos
1757 4564 1948 4605 aurem
1982 4548 2093 4603 huc
2128 4545 2369 4617 inclina,

1507 4646 1572 4696 ut
1606 4655 1712 4694 uos
1748 4652 1944 4693 serves
1979 4652 2017 4691 a
2051 4636 2243 4707 ruina,

1504 4732 1573 4787 tu
1604 4726 1800 4785 vitalis
1832 4724 2123 4787 medicine.
2314 4809 2362 4855 ⁶
