3159 5259
2700 239 2788 307 1¹1

238 439 307 491 ut
341 433 626 489 amborum
664 445 735 484 ex
759 428 1031 502 junctura
1604 426 1733 496 ipso
1770 428 1883 481 stet
1917 423 2296 494 inhabitante,

242 522 441 578 domus
476 532 751 588 nunqnam
787 514 1007 569 ruitura
1605 528 1716 584 quo
1752 509 1986 567 fundata
2021 515 2110 566 est
2147 514 2385 566 creante.

168 625 337 684 Danu
376 621 573 679 fahren
608 622 701 678 BC
739 617 885 676 forte

240 714 365 768 hoec
401 717 490 767 est
524 708 665 766 fides
702 705 1048 774 orthodoxa,
1606 704 2007 775 necinpartem
2019 718 2254 773 pravam
2265 702 2789 777 (uuampartemc)

241 815 346 855 nec
374 803 518 870 (non
547 799 627 867 Β)
652 796 744 851 hic
772 810 936 849 error
963 793 1082 848 sine
1109 807 1259 850 noxa
1287 795 1433 863 (non
1953 792 2110 847 cedo.

588 888 678 940 est
726 884 877 938 doxa
911 883 1009 951 B),
1608 879 1730 934 haec
1766 895 1897 952 spes
1931 879 2066 934 mihi
2100 879 2177 935 sit
2211 879 2464 938 dulcedo.

244 972 392 1027 sicut
427 970 554 1025 dico
573 1009 588 1039 ,
625 970 707 1024 sie
744 974 804 1025 et
839 968 1009 1023 credo
1025 1005 1042 1035 ,

163 1075 294 1135 Fiir
335 1076 527 1131 diesen
562 1076 715 1131 Vers‘
742 1076 841 1129 hat
876 1075 920 1131 G
959 1072 1149 1128 diesen
1188 1068 1452 1126 Schluss:

246 1165 376 1222 inde
412 1161 567 1218 venit
601 1164 746 1219 bone
785 1163 949 1230 deus,
1603 1175 1674 1216 ne
1710 1159 2002 1232 desperem
2039 1162 2292 1232 quamvis
2328 1178 2475 1219 reus.

338 1278 465 1341 ’Der
500 1285 643 1340 Text
675 1285 734 1339 in
771 1284 815 1338 B
853 1283 930 1338 ist
965 1281 1232 1336 hiernach
1267 1280 1393 1334 eine
1427 1280 1945 1353 Ueberarbeitung,
2008 1285 2208 1342 dessen
2243 1288 2509 1343 storende
2544 1289 2788 1346 Zusiitse

167 1374 281 1431 dns
328 1374 561 1430 Gedicht
605 1372 926 1428 verdorben
972 1370 1172 1425 haben.
1250 1368 1441 1422 Durch
1494 1368 1616 1423 dies
1665 1368 1974 1441 lifgebniss
2026 1373 2174 1428 wird
2222 1375 2323 1429 der
2365 1375 2555 1430 -lnhalt
2601 1378 2790 1434 dieser

164 1463 268 1518 Hs.
304 1462 513 1534 richtig
547 1460 866 1516 beurtheilt.
939 1459 1036 1514 Sie
1092 1457 1312 1512 euthalt
1362 1456 1606 1512 namlich
1660 1456 1785 1512 eine
1840 1457 2168 1529 Sammlung
2219 1475 2334 1515 von
2386 1461 2790 1534 Reimgebeten

166 1550 287 1604 und
322 1548 593 1618 Liedern,
641 1548 862 1602 welche
900 1548 1025 1602 dem
1058 1546 1227 1600 Prior
1263 1545 1484 1600 Kourat
1518 1561 1650 1600 vom
1687 1546 2261 1604 Karthiiuserkloster
2295 1547 2680 1607 Matienthron
2716 1569 2789 1610 zu

172 1635 417 1708 Gaming
454 1635 834 1706 (Gemnicum)
887 1633 943 1688 in
978 1632 1499 1688 Niederiisterreich
1533 1633 1973 1705 zugeschrieben
2009 1635 2266 1704 werden,
2304 1636 2503 1692 dessen
2533 1637 2789 1695 Vol-rede

169 1731 336 1799 sagt:
400 1726 595 1797 plures
642 1739 756 1778 non
792 1728 906 1777 tam
942 1722 1228 1780 orationes
1263 1737 1429 1793 quam
1464 1722 1876 1791 oratiunculas,
1940 1721 2105 1778 immo
2143 1723 2620 1793 adulatiunculas,
2683 1740 2790 1797 per
2845 1741 2852 1750 ·

168 1815 400 1870 modum
436 1810 661 1866 letaniae
697 1810 766 1864 de
805 1810 911 1866 deo
945 1810 1067 1868 sive
1104 1810 1172 1865 de
1208 1810 1258 1864 b.
1295 1809 1532 1881 virgine,
1571 1810 1643 1865 de
1679 1809 1914 1881 angelis,
1951 1811 2020 1868 de
2057 1811 2284 1880 sanctis,
2320 1801 2467 1868 sicut
2498 1813 2556 1868 in
2592 1814 2789 1871 tabula

166 1898 331 1956 infra
376 1898 655 1967 invenies,
691 1902 962 1969 conposui,
1011 1902 1075 1952 ut
1109 1897 1345 1968 quilibet
1380 1914 1497 1953 snae
1532 1898 1735 1953 mentis
1771 1897 2031 1954 affectum
2067 1900 2365 1955 secundum
2401 1899 2643 1972 gratiam
2677 1900 2788 1958 sibi

170 1988 368 2044 datam
415 1989 474 2039 et
520 1985 817 2040 secundum
865 1984 1133 2054 placitum
1180 2001 1339 2041 suum
1373 1985 1559 2056 possit
1595 2001 1872 2058 exercere.
1940 1988 2113 2043 Jenes
2149 1973 2490 2059 componere
2519 1987 2788 2045 bedeutet

169 2074 304 2130 also
342 2073 487 2128 auch
522 2073 644 2128 eine
681 2071 1193 2145 Ueberarbeitung,
1254 2074 1399 2129 deun
1435 2090 1497 2130 es
1534 2073 1682 2129 liisst
1715 2075 1837 2130 sich
1872 2076 1966 2129 bei
1997 2077 2288 2130 mehreren
2323 2075 2562 2132 Liedern
2597 2076 2787 2133 dieser

165 2160 505 2232 Sammlung·
538 2160 892 2216 nachweisen
906 2201 922 2229 ‚
986 2161 1118 2216 dass
1168 2163 1269 2216 der
1303 2163 1470 2218 Prior
1505 2163 1728 2219 Konrat
1763 2163 1847 2219 sie
1882 2163 2269 2219 iiberarheitet
2303 2163 2416 2220 hat.
2485 2163 2652 2222 Diese
2688 2164 2787 2221 us.

134 2250 414 2570 ‘rte
462 2245 657 2304 friiher
706 2249 830 2303 dem
865 2249 1098 2305 Kloster
1130 2250 1391 2305 Andechs
1437 2249 1496 2305 in
1533 2251 1767 2320 Baiern,
1830 2251 1954 2307 eine
1988 2251 2192 2307 zweite
2238 2252 2298 2306 in
2333 2252 2653 2323 Tegernsee
2689 2251 2788 2305 be-

341 2341 364 2391 t
410 2338 515 2394 Pez
573 2337 812 2393 thesaur.
861 2354 988 2393 nov.
1027 2341 1076 2408 1,
1112 2338 1268 2408 XIX,
1332 2338 1446 2393 und
1491 2338 1615 2393 eine
1663 2338 1834 2394 dritte
1868 2338 1947 2394 ist
1981 2338 2071 2395 die
2105 2338 2488 2395 Reichenauer
2520 2338 2656 2409 Pap.
2691 2339 2788 2396 Hs.

319 2426 387 2568 εἰ
425 2425 882 2570 ζζὼῐὲῗὲὴτυὴο,
946 2427 1037 2482 die
1084 2423 1201 2482 fast
1248 2426 1365 2486 alle
1412 2425 1854 2501 Heiligenlieder
1901 2426 2164 2486 Kourads
2212 2426 2351 2482 aber
2398 2426 2545 2482 ohne
2591 2426 2788 2483 seinen

354 2618 468 2691 Das
504 2618 642 2675 Lied
687 2618 764 2673 ist
811 2618 955 2672 nach
1003 2617 1103 2675 der
1137 2617 1446 2692 Anleitung
1481 2620 1580 2676 des
1618 2621 2042 2698 apostolischen
2076 2618 2788 2680 Glaubensbekenntuisses

175 2706 566 2778 eingerichtet,
599 2707 712 2761 wie
750 2706 839 2760 die
868 2705 932 2760 V.
959 2706 1172 2762 60-θᾷ
1198 2706 1444 2762 deutlich
1471 2710 1772 2782 anzeigen3
1808 2710 1897 2765 die
1925 2708 2416 2768 Glaubensartikel
2449 2706 2576 2763 sind
2612 2707 2790 2763 durch

177 2792 272 2852 die
306 2793 887 2866 zusammenstellung
922 2793 1025 2848 der
1058 2795 1408 2867 Gegensitze
1445 2796 1748 2868 erlautert‚
1784 2797 2003 2856 welche
2037 2796 2363 2855 Lehrweise
2399 2794 2545 2851 auch
2577 2792 2789 2850 audere

174 2881 570 2953 dogmatische
603 2883 803 2938 Lieder
838 2880 1107 2955 befolgen
1126 2884 1287 2954 ‘nach
1323 2883 1540 2955 (ἕτερον.
1574 2885 1647 2954 Μ,
1681 2884 1878 2952 moral.
1912 2888 1966 2956 2,
1999 2887 2084 2942 20.

319 3017 388 3076 V.
428 3024 474 3075 1.
513 3017 657 3097 α’ρχὴ
694 3025 785 3075 καὶ
818 3022 985 3083 τέλος.
1022 3021 1151 3077 Dec.
1185 3023 1270 3077 20.
1337 3021 1526 3081 Ueber
1561 3033 1599 3079 οι
1635 3024 1749 3079 und
1784 3043 1828 3080 ω
1863 3025 1980 3096 vgl.
2015 3026 2277 3079 Μαγαῖον-ε·
2311 3022 2589 3077 anecdota
2623 3022 2664 3091 1,
2699 3019 2786 3076 45.

315 3108 380 3164 V.
416 3111 466 3163 3.
514 3109 677 3182 cujus
714 3107 868 3163 velle
907 3106 1111 3164 fecisse
1149 3115 1249 3164 est.
1283 3109 1498 3166 Hieron.
1534 3112 1661 3166 adv.
1696 3112 1823 3167 Joh.
1857 3112 2040 3167 Jeros.
2074 3113 2160 3164 22.
2230 3110 2393 3182 cnjus
2429 3107 2579 3162 velle
2615 3119 2787 3179 posse

174 3201 285 3255 est.
344 3199 570 3254 Anselmi
606 3198 747 3254 Ccmt.
784 3196 1029 3252 meditat.
1068 3199 1149 3252 14.
1185 3213 1230 3252 c.
1268 3200 1316 3251 1.
1352 3213 1455 3252 aus
1494 3199 1784 3254 Ter-tullian.
1820 3199 1947 3254 adv.
1981 3199 2146 3254 Prax.
2182 3198 2268 3251 10.

354 3286 420 3341 V.
456 3290 505 3340 ’7.
560 3302 672 3342 nna
707 3286 902 3342 deitas,
951 3281 1246 3362 προσκυνῶ
1298 3284 1525 3362 τριάδος
1568 3282 1818 3357 μονάδα,
1871 3282 1939 3344 οὔ
1972 3288 2178 3359 τέμνων
2210 3285 2307 3358 τὴν
2345 3281 2585 3356 &adnm
2600 3325 2619 3352 ,
2668 3285 2785 3340 ἔστι

178 3374 288 3451 γὰρ
325 3372 577 3447 ἕνοειδής.
625 3375 767 3433 Men.
802 3375 944 3431 Nov.
981 3376 1068 3429 30.
1141 3374 1433 3431 Tertulliani.
1479 3374 1608 3429 adv,
1641 3374 1806 3431 Ptax.
1846 3376 1927 3430 16.
1961 3376 2020 3430 in
2055 3391 2166 3447 quo
2204 3374 2382 3431 omnis
2417 3372 2609 3443 locus,
2671 3387 2786 3429 uon

179 3459 305 3535 ipse
340 3463 398 3518 in
432 3464 580 3519 loco.
1349 3469 1353 3478 ‘

352 3549 418 3607 V.
455 3552 503 3607 8.
539 3552 754 3623 (ἔνεμον.
789 3550 919 3607 Naz.
956 3554 1099 3607 orat.
1135 3552 1165 3604 1
1203 3565 1259 3622 p.
1291 3550 1376 3604 32.
1412 3548 1554 3613 θεὸς
1589 3549 1647 3606 δν
1673 3543 1753 3620 τῷ
1786 3550 1949 3604 παντὶ
1982 3545 2123 3623 τῷδε
2157 3546 2373 3607 καὶτοῦ
2405 3543 2614 3611 παντός
2637 3547 2785 3604 ἐστιν

181 3621 303 3687 ἔξω.

358 3708 422 3763 V.
456 3711 542 3764 22.
590 3708 656 3764 Si
692 3709 854 3765 deum
888 3708 1050 3769 locus
1086 3707 1289 3780 aliquis
1323 3707 1552 3779 recipit,
1600 3724 1712 3764 non
1748 3713 1934 3765 tamen
1969 3709 2148 3780 capit3
2200 3708 2560 3780 proesentiam
2594 3707 2786 3776 sentit,

179 3797 534 3869 majestatem
582 3812 696 3852 non
742 3797 999 3866 impedit3
1063 3795 1389 3867 expavescit
1434 3796 1890 3868 omnipotentiam
1903 3837 1920 3867 ‚
1983 3797 2354 3853 substantiam
2387 3812 2503 3853 non
2535 3794 2790 3850 includit.

183 3885 426 3956 Capreo&
460 3884 620 3955 epist.
656 3899 744 3955 ap.
779 3883 1037 3940 sirmond.
1073 3899 1203 3954 opp.
1240 3886 1289 3953 1,
1324 3885 1447 3938 217.

355 3970 419 4025 V.
454 3973 540 4026 27.
575 3971 662 4026 28.
732 3970 1086 4026 Praeteritum
1121 3975 1182 4025 et
1215 3967 1459 4024 futurum
1494 3968 1726 4024 invenio
1759 3968 1820 4023 in
1839 3970 1994 4025 omni
2019 3976 2176 4027 motu
2197 3963 2404 4039 rerum,
2439 3969 2498 4023 in
2522 3967 2786 4036 veritate,

183 4067 307 4131 quae
341 4065 561 4129 manet,
613 4057 963 4130 praeteritum
1009 4063 1069 4114 et
1114 4055 1363 4114 futurum
1410 4073 1523 4113 non
1558 4057 1785 4113 invenio
1804 4097 1820 4127 ‚
1882 4060 1984 4115 sed
2020 4060 2202 4116 solum
2235 4072 2501 4129 praesens.
2571 4053 2786 4126 Cogita

184 4150 362 4218 deum,
396 4148 662 4220 invenies,
701 4155 816 4222 est3
853 4149 950 4204 ubi
985 4147 1096 4206 fuit
1128 4154 1188 4205 et
1221 4148 1345 4218 erit,
1381 4164 1509 4204 esse
1543 4165 1657 4205 non
1693 4152 1897 4220 potest.
1931 4151 2192 4221 Angustia.
2225 4146 2286 4200 in
2321 4158 2521 4215 evang.
2554 4142 2683 4199 Joh.
2710 4143 2790 4198 38

182 4237 218 4306 ς
256 4237 336 4289 10.

358 4321 422 4376 V.
456 4325 543 4378 31.
600 4323 787 4379 trinus
815 4324 873 4379 in
907 4323 1183 4396 personis.
1240 4323 1342 4379 Die
1378 4322 1647 4379 Kiinstler
1691 4323 1793 4378 des
1827 4321 2185 4381 fflttelalters
2222 4321 2474 4376 strebten
2510 4319 2600 4375 die
2637 4319 2785 4375 drei-

182 4409 348 4468 fache
382 4410 830 4466 Personlichkeit
874 4413 990 4467 und
1024 4410 1280 4467 eiufache
1315 4411 1652 4467 Wesenheit
1686 4409 1882 4466 Gottes
1929 4408 2165 4465 bildlich
2199 4408 2603 4478 darzustellen,
2667 4407 2785 4462 wie

184 4515 310 4555 man
345 4498 621 4554 zuweilen
657 4500 776 4554 drei
802 4498 989 4572 Kiipse
1024 4515 1098 4556 an
1122 4500 1626 4573 Saulenkapitfflen
1659 4517 1710 4553 u.
1747 4498 1861 4570 dgl.
1895 4496 2083 4552 findet.
2134 4497 2236 4553 Die
2262 4496 2534 4553 Griechen
2559 4497 2786 4551 miissen

186 4594 367 4644 etwas
401 4586 738 4646 Aehnliches
775 4589 988 4661 gehabt
1020 4591 1203 4646 haben
1218 4633 1233 4663 ,
1282 4587 1427 4647 denn
1461 4590 1520 4644 in
1556 4590 1666 4645 den
1700 4590 1934 4645 menaea
1968 4603 2094 4644 zum
2125 4590 2211 4646 21.
2246 4585 2566 4642 November
2601 4582 2790 4662 steht:

185 4676 383 4754 τριάδα
418 4684 535 4740 τοῖς
569 4674 920 4753 προσώποις,
973 4678 1189 4752 μονάδα
1235 4676 1300 4756 τῇ
1343 4675 1536 4759 μορφῇ
1568 4674 1907 4752 duffio-coptu.
1979 4676 2155 4752 μονὰς
2189 4677 2247 4733 ἐν
2281 4678 2428 4751 τρισὶ
2462 4668 2788 4750 προς-ὅπως

358 4771 534 4824 Mene,
563 4768 731 4818 latein.
766 4770 1007 4828 nymnos.
1057 4773 1096 4820 1.
2307 4771 2351 4833 2
