3159 5259
458 434 647 520 Ave,
690 437 801 519 qui
844 438 1227 503 verberibus

546 546 617 604 tu
665 558 903 624 corpus
948 540 1323 624 denudasti3

459 644 613 709 mite
657 643 919 709 dorsum
962 645 1195 711 ictibus

548 755 619 812 tu
666 746 846 812 duris
889 747 1260 812 incurvasti.

457 927 639 1012 Ave,
684 914 870 1015 cnjus
915 930 1175 995 tremuit

545 1034 664 1097 sub
711 1033 938 1115 spinea
978 1050 1227 1097 corona

458 1141 687 1216 caput,
730 1134 852 1198 sub
899 1152 1028 1216 qua
1068 1133 1314 1200 maduit

545 1250 779 1301 cruore
824 1237 1039 1302 fronte
1082 1256 1311 1322 prona.

454 1417 609 1490 Ave
654 1441 781 1485 ave
825 1420 1019 1487 hodie
1035 1471 1052 1505 ,

544 1541 584 1588 o
628 1522 837 1588 Jhesu
879 1524 1032 1587 mihi
1077 1542 1261 1607 care,

455 1628 650 1692 morti
698 1628 1066 1693 voluntarie

544 1727 780 1792 dedisti
823 1735 889 1792 te
934 1746 1193 1792 amarae.

451 1905 638 1992 Ave,
686 1911 794 1992 qui
838 1912 1158 1997 supplicio

540 2012 689 2076 dum
736 2014 945 2078 crucis
986 2014 1317 2099 defecisti,

451 2116 678 2180 mortis
723 2118 806 2183 ab
853 2117 1049 2182 exitio

542 2218 703 2285 dirae
740 2237 861 2285 nos
894 2220 1286 2289 abstraxisti.

450 2400 606 2469 Ave
622 2453 639 2487 ‚
686 2404 795 2488 qui
841 2406 1153 2472 amabiles

538 2505 691 2570 dum
734 2527 960 2573 manus
1006 2509 1406 2598 expandisti,

452 2624 686 2689 poenas
730 2608 1137 2674 miserabiles

537 2708 605 2772 in
651 2726 928 2794 corpore
974 2710 1190 2777 tulisti.

451 2886 640 2973 Ave,
688 2889 797 2973 qui
839 2890 904 2955 in
942 2891 1169 2976 stipite

538 2992 633 3055 sic
679 2992 888 3057 crucis
933 2993 1302 3077 pependisti

449 3102 517 3159 et
562 3094 841 3160 demisso
884 3098 1097 3180 capite

532 3201 828 3283 spiritum
870 3202 1154 3267 emisisti.

447 3372 599 3440 Ave
646 3377 851 3443 dulcis
895 3380 1108 3446 hostia

534 3486 604 3542 tu
648 3494 866 3542 coram
911 3491 1099 3563 patre
1144 3483 1300 3567 dec,

446 3586 591 3644 esto
636 3599 806 3644 nunc
848 3585 1158 3667 propitia,

533 3692 598 3748 te
643 3700 912 3767 precor,
958 3685 1110 3748 mihi
1154 3706 1290 3752 reo.

442 3850 623 3936 Ave,
672 3873 858 3937 quem
901 3857 967 3921 in
1012 3856 1219 3921 latere

533 3956 683 4020 dum
728 3959 958 4024 lancea
1000 3963 1356 4049 percussit,

440 4061 664 4127 matris
709 4078 825 4126 cor
871 4084 954 4127 ex
998 4066 1270 4132 vulnere

528 4172 681 4229 tunc
724 4166 983 4247 gladius
1028 4171 1369 4235 concussit.

438 4325 590 4392 Ave
633 4347 791 4395 rosa
832 4336 1183 4419 sanguinis,

522 4433 724 4497 totius
770 4434 892 4499 flos
939 4437 1226 4524 decoris,

436 4533 565 4599 fusi
610 4554 791 4600 more
837 4538 1110 4606 fluminis

524 4634 611 4701 de
656 4639 858 4706 corde
901 4644 1267 4712 salvatoris.

1632 646 1717 708 55

1631 1239 1714 1303 60

1627 1911 1708 1973 65

1622 2515 1705 2579 ⁷0

1617 3101 1699 3163 75

1609 3694 1698 3758 80

1599 4344 1692 4407 85

1823 432 1976 499 Ave
2019 433 2289 517 sanguis
2325 432 2555 500 floride

1909 535 2120 604 Jhesu
2161 536 2505 621 Nazareni‚

1824 657 2013 723 quem
2057 639 2302 703 sitimus
2347 637 2540 703 avide

1907 759 2030 806 nos
2071 740 2367 806 siccitate
2411 740 2605 825 pleni.

1819 922 2095 1007 [Grates
2139 932 2340 990 tantae
2383 925 2618 1008 gratiae

1907 1037 2132 1113 grates
2175 1030 2291 1095 tibi
2306 1078 2323 1112 ,
2359 1048 2401 1095 o
2439 1028 2703 1094 Clu-iste
2717 1078 2740 1111 ,

1821 1150 2081 1217 semper
2121 1152 2271 1198 mea
2313 1133 2484 1199 facie

1907 1244 2207 1303 coruscet
2251 1239 2517 1321 sanguis
2561 1235 2756 1319 iste]

1816 1414 1969 1485 Ave
1982 1466 2000 1502 ‚
2047 1421 2158 1503 qui
2197 1421 2266 1486 in
2310 1423 2556 1487 tumulo

1905 1524 2198 1607 sepultus
2245 1526 2545 1609 quievisti
2558 1573 2576 1609 ,

1816 1622 1900 1688 de
1946 1643 2074 1707 quo
2117 1626 2185 1691 in
2230 1627 2511 1693 diluculo

1901 1734 1975 1791 ut
2017 1727 2229 1794 victor
2273 1731 2633 1794 surrexisti.

1811 1901 1966 1993 Ave
1980 1955 1996 1988 ,
2044 1908 2154 1988 qui
2195 1908 2260 1973 in
2307 1927 2573 1974 carcere

1898 2007 2133 2073 inferni
2182 2012 2597 2077 considentes

1813 2111 2093 2178 eduxisti
2137 2115 2344 2181 libere

1901 2233 2045 2280 cum
2090 2215 2283 2282 laude
2329 2226 2395 2282 te
2440 2228 2832 2300 sequentes.

1811 2389 1992 2475 Ave,
2041 2394 2149 2477 qui
2194 2395 2525 2481 discipulis

1899 2500 2172 2575 turbatis
2217 2519 2377 2565 casu
2418 2501 2587 2566 tristi

1812 2599 2104 2665 manibus
2149 2609 2217 2665 et
2263 2603 2466 2669 oculis

1898 2703 2127 2770 horum
2170 2713 2236 2771 te
2281 2709 2585 2774 obtulisti.

1808 2880 1996 2967 Ave,
2042 2886 2150 2969 qui
2192 2896 2345 2970 post
2390 2891 2603 2956 omnia

1896 2990 2041 3054 haec
2085 2991 2285 3055 coelos
2330 2993 2706 3075 ascendisti,

1812 3094 2024 3158 carnis
2070 3114 2214 3159 cum
2258 3099 2619 3164 substantia

1896 3219 2040 3264 cum
2083 3207 2273 3284 patre
2317 3203 2686 3269 consedisti.

1809 3378 1974 3463 [Pro
2010 3380 2113 3446 bis
2158 3383 2273 3449 tibi
2318 3387 2610 3451 omnibus

1893 3484 2020 3548 sint
2064 3474 2294 3566 grates
2334 3486 2401 3549 in
2444 3487 2569 3551 hac
2611 3487 2758 3572 die,

1804 3607 2025 3652 aurem
2072 3589 2230 3653 meis
2275 3591 2580 3675 precibus

1887 3691 2168 3775 inclina²
2203 3693 2411 3759 dhesu
2457 3697 2582 3778 pie.

1800 3856 2089 3925 Beuedic
2134 3861 2419 3943 quotidie

1885 3981 1988 4025 me
2005 4009 2022 4043 ‚
2068 3963 2408 4028 benedicte
2445 3965 2637 4047 deus,

1800 4071 1868 4129 et
1912 4064 1999 4129 ad
2043 4086 2314 4149 regnum
2358 4069 2594 4150 gloriae

1888 4168 2117 4234 ductor
2163 4177 2233 4235 tu
2279 4180 2422 4235 esto
2465 4190 2666 4237 meus.

1800 4330 1963 4398 Cum
2006 4332 2072 4395 in
2116 4331 2246 4397 fine
2283 4335 2546 4398 veneris

1886 4451 2019 4498 non
2063 4433 2397 4500 auditurus
2447 4430 2673 4519 „ite“!

1799 4538 1921 4603 sim
1965 4555 2107 4602 cum
2151 4537 2338 4600 nimis
2379 4538 2664 4621 miseris,

2981 1738 3085 1800 100

2993 3000 3056 3061 1⁰

2989 3595 3056 3659 1⁵

2945 4173 3048 4237 12⁰

1885 4638 2008 4705 sed
2051 4658 2197 4705 cum
2241 4639 2369 4706 tuis
2414 4634 2769 4727 „venitei“
2848 4656 3046 4712 anes.
