3159 5259
309 277 447 344 132

386 461 557 533 apres
592 459 650 513 le
684 454 763 513 fin
797 457 866 513 de
901 473 993 512 ma
1028 456 1123 512 vie
1746 475 1892 530 pour
1928 455 2024 529 qui
2057 473 2255 514 amem·
2289 464 2349 514 et
2382 460 2479 531 qui
2511 462 2701 532 priere

386 564 462 603 en
493 550 687 601 vostre
723 544 939 599 saincte
975 544 1366 617 compaingnie
1748 562 1837 601 ma
1871 551 2133 615 requeste
2169 545 2400 601 receves
2420 587 2436 615 ,

384 651 474 690 me
508 630 709 689 mettes
746 631 1031 686 ensamble
1071 648 1209 687 avec
1245 649 1408 702 vous,
1718 647 1890 690 „vous
1926 633 2022 702 qui
2059 630 2216 688 vives
2254 638 2313 688 et
2346 634 2552 707 regnes

385 720 482 791 qui
517 718 787 791 presistes
825 717 962 771 char
997 733 1143 786 pour
1181 734 1324 772 nous
1746 735 1886 776 avec
1923 720 2051 775 dieu
2087 719 2141 774 le
2178 736 2313 791 pere
2352 720 2407 775 le
2444 717 2508 776 fil

391 806 463 861 de
498 807 674 864 Maris
710 805 980 876 viergene
1018 808 1075 860 et
1108 821 1291 874 mere;
1746 811 1804 861 et
1839 805 1894 859 le
1930 805 2080 861 saint
2114 807 2341 876 esperit.

495 893 560 951 V.
599 896 716 948 141.
771 892 1027 950 Christus
1062 893 1222 965 prior
1257 909 1457 965 passus
1495 897 1619 963 est,
1654 897 1718 949 ut
1752 899 1808 948 te
1846 894 2252 951 consolaretur.
2322 895 2586 966 Auqtoetin.
2621 895 2681 951 in
2718 912 2928 972 evang.

315 983 941 1124 'Oh—{I.1‡44.Cives
991 1066 1158 1121 electi
1208 1081 1468 1136 supernae
1517 1066 1735 1139 patriae.
1810 1066 2034 1138 (ἔτερον.
2074 1068 2145 1122 Μ.
2195 1068 2339 1122 hom.
2392 1066 2451 1122 in
2506 1084 2592 1122 ev.
2626 1070 2692 1140 2,
2739 1072 2838 1140 24,
2876 1073 2931 1129 4.

316 1155 498 1214 menti
533 1155 678 1210 nach
713 1155 907 1212 matth.
943 1155 1150 1224 20,16.

883 1441 1048 1516 123.
1112 1441 1229 1514 De
1281 1443 1611 1542 passione
1657 1440 1941 1516 domini.
1995 1438 2086 1512 ad
2137 1441 2374 1542 pedes.

320 1610 523 1678 Salve
568 1610 786 1676 mundi
807 1603 1145 1694 salutare,
1677 1611 1771 1677 Te
1815 1613 1881 1677 in
1924 1621 2037 1678 tua
2080 1631 2272 1679 cruce
2318 1632 2575 1700 quaero,

322 1717 508 1782 salve
553 1717 764 1799 salve,
807 1715 969 1782 Jesu
1013 1715 1200 1783 care!
1676 1724 1869 1800 prout
1912 1735 2082 1800 queo
2126 1717 2325 1782 corde
2369 1736 2568 1801 mero,

324 1821 502 1887 cruci
547 1827 675 1886 tuae
726 1840 829 1885 me
874 1827 1104 1905 aptare
1676 1838 1780 1882 me
1824 1820 2086 1884 sanabis
2131 1818 2269 1902 hic,
2322 1828 2394 1885 ut
2435 1838 2664 1904 spero,

324 1924 560 1988 vellem
606 1944 798 2009 vere,
843 1932 914 1990 tu
959 1925 1086 1989 scis
1132 1944 1363 2008 quare,
1677 1940 1839 1987 sana
1880 1942 1984 1986 me
2028 1931 2097 1986 et
2139 1940 2333 1986 sanus
2377 1941 2494 1988 ero

410 2024 497 2090 da
539 2025 690 2092 mihi
736 2027 830 2092 tui
873 2028 1145 2111 copiam.
1530 2029 1572 2092 5
1762 2025 1828 2088 in
1873 2030 1982 2089 tuo
2027 2024 2257 2089 lavans
2301 2026 2631 2109 sanguine.
2837 2029 2925 2096 30

323 2187 432 2258 Ac
476 2190 532 2255 si
574 2207 868 2274 praesens
913 2191 1031 2275 sis,
1078 2190 1323 2257 accedo
1337 2213 1364 2275 ,·
1676 2190 1918 2275 Plagas
1964 2198 2107 2258 tuas
2151 2192 2540 2258 rubicundas

324 2296 515 2361 immo
560 2303 625 2360 te
670 2303 1061 2380 praesentem
1107 2294 1338 2380 cred0,
1676 2302 1745 2359 et
1788 2294 2032 2359 fixuras
2075 2303 2207 2360 tam
2248 2295 2607 2380 profundas

324 2417 367 2465 o
416 2419 607 2484 quam
650 2399 888 2465 nudum
930 2400 1037 2464 hic
1080 2405 1147 2464 te
1192 2417 1422 2484 cerno,
1677 2398 1861 2465 cordi
1901 2417 2047 2464 meo
2091 2397 2199 2465 fac
2245 2400 2537 2484 inscribi,

323 2521 480 2570 ecce
525 2504 641 2568 tibi
683 2522 786 2567 me
832 2512 1208 2587 prosterno,
1674 2515 1746 2575 ιιι
1790 2506 2084 2592 configar
2127 2517 2298 2574 totus
2342 2510 2459 2576 tibi

406 2607 498 2669 sis
541 2605 750 2695 facilis
796 2605 883 2670 ad
927 2607 1200 2670 veniam.
1488 2606 1570 2671 10
1758 2621 1829 2678 te
1874 2613 2081 2679 modis
2127 2633 2348 2680 amans
2393 2616 2702 2682 omnibus.
2839 2620 2927 2685 35

319 2767 564 2835 clavos
608 2769 846 2855 pedum
865 2818 883 2852 ,
929 2771 1163 2855 plagas
1208 2770 1406 2836 duras
1675 2776 1976 2862 Quisquis
2018 2779 2149 2844 huc
2193 2779 2276 2844 ad
2318 2786 2385 2844 te
2431 2780 2710 2846 accessit
2814 2815 2823 2840 .-

319 2881 387 2939 et
428 2882 561 2940 tam
605 2895 846 2959 graves
891 2877 1318 2960 impressuras
1676 2887 1743 2944 et
1785 2880 1907 2945 hos
1949 2882 2155 2965 pedes
2201 2884 2399 2949 corde
2444 2886 2683 2968 pressit
2816 2879 2821 2896 '

320 2977 818 3063 circumplector
867 2999 1009 3044 cum
1054 2979 1308 3065 affectu,
1673 3001 1874 3065 aeger,
1922 3002 2117 3048 sanus
2161 2967 2310 3049 hinc
2354 2988 2703 3070 abscessit,

319 3088 431 3150 tuo
476 3102 727 3167 pavens
773 3084 838 3148 in
883 3092 1179 3172 aspectu,
1672 3083 1782 3150 hic
1822 3085 2214 3170 relinquens,
2261 3087 2567 3171 quidquid
2610 3090 2834 3190 gessit,

404 3204 694 3250 meorum
735 3204 981 3251 memor
1024 3187 1379 3253 vulnerum.
1482 3188 1562 3252 15
1763 3185 1924 3251 dans
1970 3188 2255 3253 osculum
2298 3189 2690 3257 vulneribus.
2816 3193 2922 3259 40

320 3344 553 3412 Grates
599 3353 798 3411 tantae
844 3348 1097 3412 caritati
1668 3347 1907 3418 Coram
1955 3370 2149 3417 cruce
2191 3355 2722 3436 procumbentem

317 3468 437 3514 nos
482 3467 750 3531 agamus
792 3451 1129 3525 vulnerati,
1667 3454 1918 3537 hosque
1964 3455 2168 3538 pedes
2213 3457 2746 3539 complectentem
2761 3508 2776 3536 ‚

319 3570 360 3617 o
406 3561 657 3618 amator
700 3563 1146 3637 peccatorum,
1666 3557 1832 3625 Jesu
1875 3557 2161 3639 Christe,
2208 3577 2309 3622 me
2355 3578 2436 3622 ne
2482 3578 2789 3645 spernas,

317 3663 661 3740 reparator
709 3664 1208 3742 constratorum,
1668 3659 1788 3726 sed
1832 3660 1914 3724 de
1960 3678 2153 3725 cruce
2199 3669 2427 3725 sancta
2469 3680 2701 3728 cernas

402 3777 444 3827 o
491 3761 696 3826 dulcis
741 3770 931 3846 pater
974 3762 1360 3849 pauperum!
1476 3766 1561 3831 20
1753 3766 2216 3849 compassionis
2259 3766 2488 3848 gratia.
2543 3792 2547 3796 ·
2833 3769 2920 3833 45

316 3924 640 4010 Quidquid
684 3935 784 3994 est
824 3927 893 3992 in
936 3949 1038 3993 me
1084 3929 1500 4018 confractum,
1665 3929 1739 3995 In
1782 3928 1909 3993 hac
1953 3946 2144 3994 cruce
2190 3937 2369 3993 stans
2407 3929 2652 3994 directe

315 4027 691 4113 dissipatum
738 4037 848 4094 aut
892 4030 1298 4116 distractum,
1663 4030 1817 4100 vide
1859 4050 1993 4114 me,
2040 4047 2080 4094 o
2122 4032 2210 4093 mi
2254 4031 2522 4114 dilecte,

316 4130 522 4196 dulcis
555 4132 737 4217 Jesu,
782 4141 983 4199 totum
1020 4153 1200 4219 sana,
1664 4141 1866 4200 totum
1909 4154 2012 4198 me
2058 4133 2143 4198 ad
2185 4144 2251 4198 te
2298 4145 2638 4220 converte,

314 4238 383 4295 tu
427 4241 752 4320 restaura,
800 4244 870 4302 ιιι
916 4238 1258 4322 complana
1666 4248 1848 4325 „esto
1893 4235 2149 4322 sanus“,
2199 4239 2304 4305 dic
2350 4250 2609 4327 aperte,

400 4339 532 4398 tam
575 4339 684 4419 pio
730 4338 1166 4406 medicamine.
1470 4343 1555 4407 25
1753 4343 2039 4428 „dimitto
2084 4343 2209 4409 tibi
2244 4342 2516 4411 omnia.“
2831 4346 2918 4413 50

486 4519 578 4574 Hs.
615 4537 685 4574 zu
718 4520 900 4578 Maiuz
937 4527 1066 4596 (A),
1106 4526 1303 4582 Karth.
1338 4527 1443 4584 No.
1479 4529 1588 4586 599
1624 4528 1709 4584 Bi.
1746 4529 1814 4584 63
1849 4546 1953 4586 aus
1989 4530 2116 4586 dem
2152 4535 2219 4587 14
2255 4534 2448 4588 Jahrb.
2504 4533 2617 4589 Das
2644 4533 2783 4588 Lied
2818 4533 2921 4589 bei

308 4603 510 4661 Daniel
543 4610 595 4678 2,
631 4609 737 4662 359
773 4610 848 4665 ist
883 4612 1006 4666 eine
1033 4614 1240 4669 andere
1275 4614 1675 4688 Bearbeitung,
1710 4605 1920 4672 wovon
1959 4633 2062 4673 nur
2098 4619 2186 4674 die
2222 4619 2507 4691 Strophen
2539 4624 2567 4673 1
2608 4621 2721 4675 und
2749 4625 2783 4675 ’ἶ
2810 4621 2920 4677 mit

309 4692 520 4767 obigen
568 4700 600 4753 1
649 4696 763 4754 und
807 4698 842 4754 3
889 4698 1374 4761 iibereinstimmen
1428 4703 1555 4777 (D).
1627 4703 1742 4766 Das
1786 4703 1923 4768 Lied
1969 4706 2120 4765 wird
2166 4707 2290 4797 dem
2337 4709 2389 4765 h.
2423 4709 2709 4772 Bernbart
2743 4723 2922 4784 suge-
2976 4769 2981 4774 ,
