3159 5259
387 514 487 565 est
520 508 760 577 Christi,
822 512 1194 577 nuncupatam
1240 521 1462 576 semper
1498 505 1829 576 accepimus.
1885 502 2050 557 Hilar.
2088 502 2147 556 in
2184 519 2266 573 ps.
2302 504 2389 571 64,
2425 506 2475 557 2.
2547 504 2812 576 Superna
2843 507 3015 564 Jeru-

387 598 572 655 salem
605 602 787 652 mater
823 600 1038 663 nestra,
1057 593 1277 668 ,civitas
1314 593 1420 648 dei.
1473 595 1736 663 Anqustin.
1774 590 2038 645 enchirid.
2075 592 2125 643 9.

570 683 636 738 V.
673 686 755 737 11.
809 681 1036 753 reginis.
1110 682 1195 735 38.
1244 697 1369 751 quae
1418 680 1590 734 venit.
1661 678 1764 733 Die
1803 677 2008 732 Kirche
2060 676 2209 732 wird
2260 680 2571 735 manchmal
2622 680 2871 753 Kiinigin
2908 698 3013 755 ge-

388 774 595 839 nannt,
632 770 938 841 deswegen
973 767 1196 822 erkliirt
1230 767 1375 822 auch
1408 768 1650 823 Athenas.
1686 766 1743 819 in
1778 780 1860 835 ps.
1897 767 1983 833 44,
2020 766 2107 819 23.
2143 766 2345 837 regina
2382 767 2557 821 durch
2591 768 2853 837 ecclesia,
2890 769 3009 825 und

387 858 616 916 bezieht
659 858 851 913 diesen
899 871 1116 928 ganzen
1153 854 1344 909 Psalm
1390 851 1497 909 auf
1537 855 1627 909 die
1678 854 1899 907 Kirche.
1971 853 2189 923 Regina
2226 852 2408 908 austri
2442 853 2697 908 ecclesiae
2732 853 3007 926 praefigu-

384 944 544 1001 ratio
582 948 698 1012 est,
762 957 887 1013 quae
923 941 1228 1013 peregrina
1264 946 1324 995 et
1357 941 1648 1013 incognita
1683 946 1742 995 et
1776 939 2121 1011 poenitentiae
2171 940 2410 995 eredidit
2445 947 2504 995 et
2538 941 2873 1011 sapientiam
2911 943 3011 999 de·

385 1030 674 1089 siden-avit
707 1027 914 1084 audire.
988 1029 1154 1084 Hilar.
1189 1029 1246 1083 in
1283 1028 1478 1100 psalm.
1525 1031 1645 1097 121,
1683 1045 1730 1082 0.
1764 1031 1813 1082 9.

569 1117 636 1173 V.
670 1120 756 1171 21.
810 1121 1008 1171 sancta
1044 1115 1313 1185 ecclesia,
1368 1115 1424 1170 in
1461 1115 1783 1186 primordiis
1820 1115 2008 1169 mundi
2044 1114 2386 1184 desponsata
2421 1114 2475 1168 111
2512 1115 2809 1185 paradiso,
2857 1132 3011 1187 pra>

389 1201 645 1277 figurata
679 1203 736 1259 in
772 1202 998 1257 diluvio.
1036 1202 1093 1257 S.
1129 1204 1363 1259 Ambros.
1399 1203 1455 1257 in
1492 1203 1688 1273 psalm.
1727 1203 1843 1257 118.
1887 1205 1919 1269 9
1958 1204 2009 1255 4.
2079 1202 2141 1255 ln
2175 1198 2296 1255 Eva
2332 1201 2660 1272 mysterium
2696 1203 2911 1259 Clu-isti
2946 1210 3006 1259 et

390 1292 654 1349 ecclesiae
691 1291 980 1345 evidenter
1016 1304 1336 1361 cognosc03
1375 1290 1703 1362 designatur
1740 1289 1885 1343 enim
1922 1287 2178 1343 ecclesiae
2215 1287 2288 1341 ad
2323 1287 2605 1343 Christum
2641 1286 2835 1344 futura
2870 1305 3007 1345 cen-

387 1379 586 1435 versio
623 1382 682 1433 et
716 1377 994 1449 religiosa
1029 1377 1278 1431 servitus
1315 1376 1543 1431 subdita
1578 1376 1672 1431 dei
1706 1377 1901 1430 verbo.
1937 1377 2085 1430 Idem
2121 1375 2190 1428 de
2225 1374 2493 1444 paradiso
2532 1392 2577 1430 c.
2616 1378 2699 1430 14.
2746 1376 3007 1433 Ecclesia

389 1470 485 1522 est
517 1471 798 1535 tamqnam
833 1462 1041 1519 femina
1076 1465 1304 1521 Christo
1342 1465 1699 1535 desponsata.
1754 1466 2016 1533 Auyusliu.
2053 1462 2123 1516 de
2159 1477 2320 1516 serm.
2358 1460 2503 1516 dom.
2536 1465 2589 1531 2,
2624 1465 2711 1517 28.
2784 1463 3006 1521 Dormit

383 1553 588 1622 Adam,
624 1557 688 1607 ut
719 1549 822 1607 fiat
854 1551 1006 1622 Eva3
1039 1553 1278 1607 moritur
1314 1552 1589 1621 Christus,
1628 1557 1693 1606 ut
1726 1548 1827 1606 fiat
1853 1550 2109 1605 ecclesia.
2161 1549 2463 1605 dormienti
2496 1549 2639 1606 Aduo
2672 1547 2739 1607 fit
2770 1551 2899 1608 Eva
2930 1553 3005 1609 de

387 1639 599 1707 latere,
638 1646 863 1695 mortuo
900 1640 1125 1696 Christo
1164 1639 1364 1694 lancea
1397 1640 1712 1709 percutitur
1750 1639 1925 1709 latus,
1966 1644 2028 1693 ut
2062 1635 2347 1711 profluant
2384 1643 2769 1709 sacramenta,
2800 1640 3003 1712 quihus

383 1723 668 1785 formetur
703 1725 963 1781 ecclesia.
1015 1727 1161 1781 Idem
1196 1726 1253 1781 in
1289 1740 1491 1796 evang.
1527 1726 1655 1782 Joh.
1694 1728 1742 1794 1,
1780 1728 1830 1782 9.
1865 1729 1897 1793 S
1936 1728 2020 1781 10.

566 1812 634 1868 V.
667 1815 753 1868 27.
806 1818 1025 1883 portus.
1079 1817 1162 1876 τίς
1198 1811 1444 1877 τοιοῦτος
1480 1812 1657 1886 λιμὴν,
1695 1811 1812 1876 οἷος
1848 1812 1881 1884 ἡ
1918 1814 2204 1884 ἐκκλησία,-
2258 1815 2509 1885 chrysost.
2545 1813 2615 1868 de
2649 1814 2844 1885 poenit.
2872 1816 2923 1883 8,
2954 1816 3004 1869 1.

564 1898 632 1953 V.
668 1902 752 1955 30.
807 1900 953 1955 Sunt
989 1900 1312 1955 testimonia
1346 1900 1773 1971 scripturarum,
1809 1916 1934 1971 quae
1971 1900 2137 1955 nobis
2174 1900 2438 1972 ingerunt
2472 1916 2577 1972 per
2601 1911 3006 1958 commemorn-

389 1985 606 2042 tionem
651 1985 800 2038 lunae
851 1985 1106 2039 ecclesiae
1143 1984 1628 2059 significationem.
1664 1991 1934 2059 Auqustini
1970 1987 2129 2059 epist.
2166 1993 2252 2059 55,
2291 1992 2373 2047 10.
2442 1991 2614 2049 Lunae
2651 1991 2877 2049 nomine
2912 2006 3005 2046 ec-

385 2071 575 2128 elesia
609 2070 951 2143 designatur.
1008 2072 1225 2142 (ἕτερον.
1262 2076 1331 2129 Μ.
1369 2075 1514 2131 110111.
1552 2076 1610 2131 111
1646 2092 1731 2131 ον.
1767 2079 1819 2147 2,
1854 2077 1942 2146 29,
1984 2078 2063 2132 10.

996 2407 1172 2482 255.
1248 2407 1337 2480 In
1388 2407 1826 2486 dedicatione
1880 2415 2376 2512 (wopau-ium).

391 2620 457 2685 1.
500 2616 823 2684 Plaudant
866 2618 1052 2683 chori
1849 2647 1995 2711 quae
2041 2636 2142 2694 est
2187 2647 2304 2693 suo
2350 2628 2589 2693 nomini
2912 2631 2998 2697 20

489 2721 665 2786 hanc
709 2720 878 2785 diem
920 2720 1338 2809 praeclaram,
1386 2742 1608 2792 omnes
1851 2730 2169 2798 dedicata.

491 2824 909 2891 &noinames
1847 2869 1945 2934 l'bi
1989 2888 2213 2937 01111108
2255 2871 2508 2956 angeli,

490 2962 719 3030 Mente
763 2971 936 3048 tota,
1843 2973 1934 3038 ibi
1979 2975 2186 3039 sancti
2229 2973 2581 3041 decantant

488 3068 785 3151 sincera,
822 3070 1035 3154 justa,
1083 3070 1324 3136 devota
1602 3075 1640 3135 5
1844 3077 2103 3143 laudem
2150 3078 2293 3144 dee.

489 3188 574 3237 ω
615 3173 919 3255 bomgm'
1739 3242 1798 3305 3.
1845 3238 2006 3305 Haec
2050 3249 2150 3306 est
2195 3241 2421 3306 domus
2468 3242 2709 3309 domini
2910 3244 2995 3308 25

378 3334 447 3398 2.
493 3329 864 3418 concrepet
909 3337 1238 3421 organicis
1841 3342 2113 3409 firmiter
2159 3346 2424 3411 fundata

482 3436 761 3501 modulis
807 3446 876 3503 et
917 3441 1192 3509 canticis
1841 3456 1909 3513 et
1951 3451 2223 3531 gemmis
2263 3451 2568 3535 pretiosis

483 3537 684 3604 laude
720 3538 938 3623 digna.
1840 3550 2170 3618 decorata.

483 3672 792 3743 Ptoferat
833 3673 982 3742 haec
1026 3678 1260 3743 concio
1555 3681 1641 3742 10
1838 3684 1963 3753 Hic
2005 3689 2190 3775 locus
2234 3691 2569 3776 terribilis,

479 3776 746 3843 laudem
790 3785 985 3861 atque
1031 3779 1307 3861 gloriam
1838 3790 2033 3856 laude
2076 3794 2421 3859 ineffabilis
2908 3798 3001 3864 30

478 3898 728 3950 summo
775 3882 920 3948 deo.
1836 3914 2126 3978 vereque
2170 3897 2510 3965 laudabilis

481 4016 605 4103 Qui
651 4020 899 4084 creavit
943 4018 1179 4102 sidera,
1838 3999 2011 4062 ⁰¹¹¹³i
2054 4002 2253 4082 gomi·

474 4123 758 4243 wlum',
789 4131 1066 4210 terram'
1110 4125 1315 4190 maria
1730 4163 1793 4227 4.
1835 4161 1999 4227 Jesu
2041 4183 2160 4227 rex
2208 4164 2525 4249 benigne,

383 4288 394 4297 -
473 4233 547 4293 ⁰*
590 4245 822 4295 ‘mma-
1550 4230 1633 4291 ¹⁵
1831 4273 1902 4329 tu
1945 4267 2132 4331 nobis
2176 4270 2388 4333 tribue

476 4360 602 4441 Qui
645 4372 713 4430 et
756 4367 886 4431 reis
931 4369 1216 4454 veniam,
1829 4368 2269 4434 remissionem
2313 4379 2764 4457 peccatorum,
2905 4376 2995 4440 35

470 4467 677 4553 lapsis
720 4469 1186 4555 indulgentiam
1828 4500 1919 4570 Ut
1959 4502 2172 4572 tecum
2215 4508 2444 4575 vivere

469 4568 588 4637 ὼ*
633 4575 941 4640 mntfifis·
1826 4611 2162 4678 valeamus
2200 4633 2459 4701 semper

463 4705 543 4777 In
585 4710 714 4778 hac
757 4710 949 4777 domo
991 4711 1221 4795 hodie,
1826 4713 1895 4781 in
1937 4734 2147 4801 regno
2193 4725 2305 4784 tuo
2349 4738 2472 4806 per
2517 4722 2780 4789 saeeula.
