3159 5259
294 446 628 519 Pracingffi
660 464 700 503 ο
735 448 960 508 Christe
994 451 1190 522 beate,

297 534 554 589 membra
586 540 788 590 nostra
822 536 1085 593 castitate
1099 577 1115 607 ,

295 621 456 676 vires
489 627 706 678 nostrae
742 621 1069 696 fatigentur,

295 715 729 780 consumantur,
765 709 1106 769 famulentur

364 793 480 848 tuis
517 793 726 851 divinis
758 795 1031 854 laudibus.

290 913 449 969 Exue
485 931 604 983 me,
641 933 743 972 rex
777 921 1127 988 sanctorum,

293 1003 366 1057 de
401 1000 656 1075 flagellis
690 1004 1024 1060 miserorum

291 1092 356 1144 et
390 1105 428 1143 a
461 1090 647 1160 poenis
682 1089 972 1145 urentibus

2717 279 2847 344 1ae

1660 457 1879 526 paratis
1902 457 1923 494 ¹
1958 457 2422 528 delinquentibus,

1729 560 1872 615 quos
1908 562 1999 615 es,
2036 545 2284 615 Christe,
2321 548 2699 605 damnatum.

1657 664 1779 720 Tua
1802 667 1851 736 ²,
1885 668 2050 737 Jesu,
2089 668 2384 724 clementia

1657 752 1928 822 perducat
1961 771 2049 808 me
2085 754 2156 809 ad
2192 757 2418 828 gaudia,

1656 854 1783 909 quae
1820 839 1922 896 tibi
1959 842 2386 898 condolentibus

1656 930 1825 996 teque
1862 928 2227 1000 diligentibus

1725 1013 1847 1068 sine
1881 1011 1992 1069 fine
2032 1032 2093 1070 es
2130 1016 2377 1073 daturus.

408 1216 430 1251 ¹
477 1220 711 1285 paratas
747 1215 839 1269 Hs.
919 1215 942 1251 ²
988 1220 1086 1271 tua
1122 1232 1157 1271 o
1194 1215 1288 1271 Hs.
1360 1215 1474 1271 Das
1528 1217 1965 1289 Strophenmass
2023 1223 2228 1278 weicht
2282 1224 2371 1277 hie
2426 1225 2537 1279 und
2591 1224 2662 1280 da
2719 1240 2837 1280 von

199 1301 410 1375 jenem
459 1302 559 1357 des
595 1301 890 1359 Gedichtes
938 1303 1043 1373 ab,
1107 1303 1253 1359 ffisst
1299 1302 1421 1360 sich
1456 1303 1596 1359 aber
1631 1301 1753 1361 wol
1790 1306 1964 1362 durch
1998 1308 2231 1364 bessem
2266 1309 2702 1366 Handschriften
2739 1310 2839 1367 be-

219 1393 526 1464 richtigen.

399 1548 503 1605 Ad
538 1551 749 1607 latus.
821 1552 928 1608 Am
963 1549 1118 1605 Ende
1155 1550 1253 1606 «les
1288 1550 1651 1610 Abschnittes
1687 1552 1885 1607 stehen
1918 1550 2185 1625 folgende
2221 1556 2489 1612 Zusitze:

287 1655 437 1724 Fac,
473 1655 667 1711 unctio
703 1655 896 1710 divina
914 1695 928 1724 ‚

287 1742 496 1798 vulnus
533 1743 686 1799 istud
718 1743 994 1803 medicina

285 1837 656 1902 peccatorum
689 1832 1019 1890 vulneribus

284 1934 378 1973 me
417 1917 478 1971 in
515 1917 704 1973 cordis
739 1917 1054 1972 visceribus

359 2004 582 2060 sauciat
616 2005 1022 2077 compassione.

1649 1656 1870 1712 lancea
1910 1656 1993 1711 tui
2028 1655 2235 1712 amoris

1651 1757 1740 1797 me
1778 1741 2025 1797 stimulet
2060 1740 2273 1796 cunctis
2309 1743 2468 1797 horis
2482 1782 2497 1812 ,

1652 1826 1890 1882 vulnera
1924 1843 2012 1882 me
2050 1827 2288 1883 caritate
2308 1868 2324 1898 ‚

1650 1929 1801 1985 unge
1843 1927 1930 1968 me
1969 1930 2091 1968 cum
2126 1915 2456 1986 sanctitate,

1717 2002 1918 2057 exaudi
1951 2018 2038 2056 me
2075 2002 2216 2057 Jesu
2249 2002 2413 2058 bone.

399 2162 502 2217 Ad
549 2169 817 2234 pectus.
888 2164 1085 2219 Dieser
1130 2162 1432 2220 Abschnitt
1479 2161 1637 2217 steht
1685 2160 1844 2214 nicht
1891 2175 1964 2214 an
2010 2159 2197 2214 dieser
2245 2159 2425 2215 Stelle
2472 2160 2531 2215 in
2580 2160 2679 2216 der
2712 2161 2833 2233 Hm,

203 2246 464 2301 sondern
507 2249 608 2303 der
646 2246 916 2322 folgende
953 2250 1038 2305 ad
1072 2265 1211 2306 cor.
1289 2254 1412 2305 von
1448 2248 1560 2304 Str.
1602 2251 1629 2301 1
1671 2247 1759 2302 bis
1793 2250 1842 2301 4.
1879 2248 1927 2301 6.
1964 2250 2013 2301 ’7.
2066 2248 2319 2301 stimmen
2353 2249 2547 2304 Druck
2588 2249 2701 2304 und
2734 2251 2834 2307 Hs.

211 2333 468 2405 iiberein,
506 2336 716 2392 darauf
748 2340 847 2393 hat
881 2338 1035 2393 ‹liese
1072 2339 1216 2393 zwei
1243 2338 1440 2410 eigene
1469 2336 1776 2406 Strophen,
1813 2335 1902 2389 die
1939 2334 2032 2388 ich
2067 2334 2339 2389 hersetze.

287 2439 481 2495 Omnis
502 2481 518 2508 ,
554 2441 648 2511 qui
683 2447 739 2497 te
776 2449 928 2498 amat
961 2459 1124 2514 vere,

281 2541 399 2581 non
437 2543 503 2580 se
540 2528 696 2584 valet
731 2530 995 2585 cohibere
1017 2572 1033 2600 ,

283 2611 500 2666 nullum
535 2614 758 2668 modum
794 2615 891 2671 dat
926 2618 1138 2689 amori,

284 2715 416 2754 nam
454 2706 514 2755 et
548 2708 730 2757 morte
767 2704 945 2759 vellet
978 2705 1152 2774 mori,

359 2804 553 2845 amore
597 2791 827 2861 quisque
863 2793 1118 2849 vincitur.

1654 2441 1922 2497 Clibanus
1959 2441 2168 2495 amoris
2205 2439 2296 2493 dei
2319 2441 2368 2510 ¹,

1648 2542 1752 2582 cor
1789 2526 2027 2595 Christi,
2063 2531 2338 2581 memento
2376 2526 2513 2593 mei,

1647 2621 1711 2669 ut
1744 2631 1925 2669 meum
1962 2629 2064 2667 cor
2101 2620 2230 2684 post
2265 2618 2321 2667 te
2358 2613 2719 2686 languescat,

1645 2703 1701 2757 in
1738 2709 1794 2758 te
1830 2700 2055 2758 ferveat
2091 2708 2149 2758 et
2182 2702 2471 2773 liquescat.

1714 2789 1879 2861 felix,
1918 2791 2012 2862 qui
2047 2791 2130 2846 sic
2168 2790 2525 2846 consumitur.

406 2914 428 2949 ¹
465 2912 631 2983 deus,
685 2913 908 2970 Schrbf.
979 2916 1091 2971 Str.
1129 2917 1162 2970 8
1218 2916 1317 2970 des
1363 2914 1616 2969 Druckes
1672 2911 1818 2969 fehlt
1864 2914 1921 2968 in
1968 2914 2069 2968 der
2116 2914 2243 2983 Hs„
2296 2914 2444 2968 dann
2491 2911 2689 2984 fulgen
2732 2912 2825 2969 die

219 2997 342 3055 Str.
381 3001 431 3053 9.
470 3002 550 3054 1⁰.
592 3005 671 3056 12.
708 3005 756 3056 5.
795 3005 876 3056 11.
917 3006 997 3057 13.
1037 3006 1135 3072 14„
1170 2999 1406 3058 worauf
1433 3002 1523 3058 die
1558 3001 1651 3057 Hs.
1689 3002 1834 3056 noch
1871 3001 2021 3056 diese
2057 3001 2169 3058 Str.
2205 2998 2453 3071 beiffigt:

281 3096 398 3153 Fili
433 3097 628 3152 Mariae
669 3104 729 3155 et
763 3100 883 3168 (lei,

288 3182 415 3237 dele
453 3183 648 3253 culpas
685 3185 873 3241 cordis
908 3186 1051 3255 mei,

282 3255 436 3339 quo‘fl
474 3275 700 3325 terrena
737 3271 1048 3343 cogitavit,

288 3356 617 3425 concupivit
652 3361 710 3410 et
745 3359 955 3413 amavit

357 3442 488 3513 plus
524 3445 635 3500 heu
670 3461 837 3516 quam
871 3451 954 3516 te,
990 3446 1155 3515 Jesu,
1194 3461 1340 3506 care.

1644 3100 1757 3156 Fac
1790 3115 1892 3154 cor
1926 3114 2107 3154 meum
2142 3105 2198 3153 te
2235 3098 2459 3168 levare,

1644 3193 1701 3243 te
1737 3187 1921 3241 solum
1957 3186 2302 3253 desiderare,

1644 3275 2001 3328 vehementer
2036 3278 2094 3327 te
2130 3286 2349 3339 amare,

1643 3358 1794 3414 votis
1832 3357 2045 3412 cunctis
2082 3363 2137 3413 te
2176 3372 2375 3424 orare,

1703 3446 1927 3518 jugiter
1964 3445 2031 3500 (le
2071 3452 2126 3501 te
2163 3445 2447 3501 meditare.

386 3602 489 3658 Ad
537 3617 673 3657 cor.
747 3602 945 3658 Dieser
979 3569 1277 3661 Abscbnitt
1313 3605 1390 3659 ist
1426 3602 1567 3658 eben
1603 3618 2145 3674 vorausgegangen,
2184 3602 2240 3657 in
2277 3603 2378 3657 der
2413 3602 2505 3658 Hs.
2546 3600 2698 3676 folgt
2735 3604 2822 3659 ad

205 3693 431 3757 pectu
447 3706 489 3742 s.
561 3689 663 3743 Die
699 3689 792 3744 Hs.
829 3691 1036 3746 stimmt
1071 3709 1177 3750 nur
1212 3692 1270 3750 in
1306 3692 1412 3747 den
1447 3692 1561 3747 Str.
1591 3695 1637 3746 1.
1675 3693 1733 3746 2.
1769 3694 1801 3744 5
1838 3691 1925 3745 bis
1957 3692 2024 3744 10
2057 3690 2157 3745 mit
2192 3690 2313 3745 dem
2347 3690 2538 3745 Druck
2573 3691 2827 3762 ilberein,

205 3775 297 3829 ‹lie
337 3775 452 3830 Str.
496 3776 531 3828 3
567 3774 680 3830 und
713 3779 748 3831 4
787 3773 978 3832 sehlen
1016 3778 1128 3833 und
1163 3777 1329 3836 dafiir
1365 3781 1561 3836 stehen
1599 3776 1867 3851 folgende
1905 3779 2044 3832 zehn
2081 3794 2222 3832 neue
2262 3777 2572 3848 Strophen:

278 3881 456 3937 Salve
495 3887 719 3952 pectus,
758 3882 935 3940 dulcis
971 3885 1184 3958 lectus,

280 3968 340 4023 in
378 3954 491 4039 quo
527 3969 816 4026 Johannes
855 3971 1069 4027 electus

280 4073 344 4111 se
381 4057 438 4111 in
477 4074 639 4113 coena
675 4060 973 4116 reclinavit
995 4101 1009 4130 ‚

277 4143 523 4200 dulciter
563 4147 621 4201 in
656 4152 713 4201 te
749 4149 1014 4219 pausavit

361 4247 616 4287 somnum
652 4233 855 4303 gratiae
884 4234 1182 4306 carpendo.

278 4354 361 4408 De
399 4352 561 4410 fonte
597 4356 920 4425 sapientioe,

276 4441 548 4497 trinitatis
585 4447 644 4497 et
677 4443 879 4513 gratim

279 4528 360 4584 ibi
398 4531 633 4602 copiose
670 4530 883 4601 hausit,

277 4616 485 4673 oculos
524 4616 652 4672 (lum
683 4617 888 4673 mundo
925 4618 1130 4674 clausit

351 4703 414 4761 in
448 4704 612 4764 deum
655 4705 837 4763 visum
875 4703 1119 4780 figendo.

1641 3888 1844 3944 Lectus
1880 3882 2354 3958 gratiosissimus,

1643 3989 1975 4045 sponsarum
2013 3971 2101 4026 (lei
2138 3968 2414 4024 thalamus
2435 4007 2449 4035 ‚

1642 4061 1735 4118 fac
1768 4077 1855 4116 me
1891 4074 1994 4130 per
2029 4055 2384 4112 devotionem

1641 4155 1700 4205 et
1732 4148 1884 4220 piam
1918 4145 2271 4222 affectionem

1711 4235 1919 4306 saepius
1954 4234 2015 4290 in
2046 4238 2105 4287 te
2141 4243 2397 4301 pausare.

1641 4357 1754 4413 Fac
1789 4371 1876 4410 me
1913 4368 2122 4424 quoeso,
2158 4349 2409 4417 Christe,
2449 4348 2680 4423 dignum

1639 4447 1836 4512 pectus
1872 4445 2024 4494 tuum
2061 4441 2176 4490 tam
2210 4434 2513 4506 benignum

1640 4529 1843 4585 saltem
1877 4542 1981 4598 per
2014 4523 2357 4579 meritoriam

1638 4621 1823 4672 mente
1860 4617 2096 4683 tangere
2130 4609 2454 4666 memoriam

1707 4709 1768 4760 et
1803 4708 1858 4762 te
1895 4701 2066 4774 digne
2102 4696 2450 4759 collaudare.
