3159 5259
382 281 517 350 442

384 469 509 537 Dei
553 491 637 536 ex
680 468 1035 553 praesentia

474 572 633 636 estis
676 571 998 634 illustrata

384 672 710 760 plenaque
755 669 1025 737 scientia

477 772 789 840 cherubin
833 773 1056 853 beata3

386 895 511 960 per
553 892 676 939 vos
721 871 1119 937 conscientia

476 977 592 1042 fiat
637 983 939 1041 serenata

391 1081 626 1162 demue
670 1080 899 1144 notitia

478 1182 633 1247 mihi
676 1180 864 1246 detur
910 1187 1123 1263 grata.

393 1368 680 1436 Chorum
726 1370 894 1436 datis
941 1371 1198 1436 tertium

481 1475 697 1538 throni
741 1473 916 1538 sedis
964 1473 1098 1557 dei,

394 1578 565 1645 unde
612 1580 686 1642 fit
722 1578 1039 1661 judicium

380 1727 384 1734 -
474 1683 637 1766 justi
681 1689 875 1764 atque
919 1681 1049 1764 rei3

395 1786 590 1850 animi
633 1784 981 1868 hospitium

483 1887 916 1953 condecenter
961 1885 1087 1951 mei

396 1988 663 2072 dignum
705 1989 772 2054 in
818 1975 1160 2055 triclinium

485 2093 875 2178 praeparetis
922 2092 999 2155 ei.

397 2283 689 2350 Subditis
734 2282 1062 2367 spiritibus

484 2388 954 2452 dominationes

391 2501 715 2578 praesunt,
763 2492 921 2556 dant
965 2492 1317 2558 minoribus

482 2595 985 2659 ministrationes

396 2699 629 2765 animae
671 2699 1045 2780 virtutibu83

483 2799 590 2866 hae
634 2798 1072 2882 subjectiones

402 2902 657 2968 debitas
702 2909 769 2967 et
811 2903 1059 2968 viribus

487 3003 732 3070 donent
778 3006 1084 3070 actiones.

398 3193 732 3277 Justisque
775 3194 1140 3259 hominibus

484 3305 776 3383 praesunt
820 3298 1220 3380 principatus

399 3408 469 3464 et
512 3419 736 3464 eorum
781 3400 1032 3466 actibus

486 3502 771 3565 tribuunt
818 3510 1089 3568 conatus
1102 3551 1120 3584 ,

398 3623 523 3688 per
568 3602 689 3666 hos
733 3604 921 3666 bonis
964 3605 1250 3670 moribus

488 3723 747 3788 semper
797 3703 1134 3768 ordinatus

401 3809 643 3874 sanctis
689 3815 755 3871 et
800 3808 1107 3892 operibus

489 3910 749 3976 tandem
793 3913 910 3975 sim
955 3913 1204 3977 beatus.

1558 766 1645 830 20

1563 1372 1649 1436 25

1566 1886 1651 1950 30

1565 2491 1648 2553 35

1565 3005 1651 3069 40

1569 3605 1653 3668 45

1743 460 2122 529 Potentes
2165 461 2418 532 viribm

1837 565 2166 634 doemones
2213 585 2450 634 arcere

1750 668 1995 751 solent,
2037 689 2122 736 ne
2167 670 2534 738 hominibus

1838 781 2077 854 queant
2118 774 2520 857 praevaler03

1750 874 1855 938 hae
1899 893 2002 938 me
2047 875 2232 940 malis
2275 877 2555 943 motibus

1839 977 2081 1044 faciant
2121 997 2356 1043 carere

1752 1098 2012 1164 semper
2055 1088 2124 1145 et
2166 1079 2508 1149 affectibus

1837 1185 2019 1268 puris
2067 1185 2408 1250 inhaerere.

1752 1369 1919 1438 Hinc
1961 1372 2238 1438 virtutes
2282 1376 2469 1440 varia

1841 1473 2032 1556 signa
2067 1482 2453 1559 operantur,

1752 1594 1876 1659 per
1919 1595 2068 1658 quae
2113 1584 2180 1639 et
2224 1575 2527 1661 prodigia

1841 1681 2005 1743 mira
2047 1688 2540 1763 perpetrantur3

1753 1801 1876 1865 per
1922 1781 2042 1846 has
2089 1784 2157 1847 in
2199 1799 2301 1846 me
2347 1784 2505 1848 vitia

1843 1893 2075 1951 cuncta
2119 1889 2509 1952 subruantur
2525 1936 2546 1972 ‚

1754 1989 2061 2052 virtutum
2104 1989 2388 2071 insignia

1842 2100 2035 2174 grata
2083 2093 2465 2158 tribuantur.

1757 2277 1966 2345 Sacer
2000 2290 2247 2365 praeest
2281 2284 2574 2368 pluribus

1844 2401 2013 2464 grex
2058 2384 2599 2467 archangelorum
2613 2433 2631 2468 ,

1757 2486 1866 2568 qui
1911 2494 2060 2550 sunt
2102 2487 2170 2550 in
2216 2488 2572 2571 majoribus

1842 2591 2046 2656 nuntii
2091 2593 2427 2678 caelorum3

1753 2714 1878 2778 per
1920 2694 2043 2760 hos
2087 2697 2524 2764 intellectibus

1842 2795 2081 2880 fungar
2126 2796 2515 2883 divinorum,

1758 2906 1996 2983 expost
2038 2901 2226 2966 bonis
2270 2901 2563 2968 omnibus

1844 3001 2026 3067 fruar
2069 3020 2513 3087 supernorum.

1757 3188 2168 3276 Angelorum
2215 3194 2481 3280 spiritus

1845 3295 2110 3361 multum
2155 3297 2344 3362 nobis
2388 3298 2587 3382 grati,

1763 3396 2032 3479 singulis
2079 3396 2381 3463 divinitus

1848 3501 2003 3565 estis
2049 3500 2371 3585 deputati,

1760 3622 1882 3685 per
1926 3619 2048 3666 vos
2094 3620 2352 3687 semper
2394 3605 2649 3689 penitus

1847 3705 2042 3769 simus
2085 3707 2460 3790 gubernati,

1756 3816 1909 3892 post
1956 3807 2127 3873 hanc
2169 3810 2371 3874 vitam
2416 3810 2665 3875 coelitus

1843 3911 2031 3976 vobis
2076 3913 2322 3979 sociati.
2395 3933 2598 3993 amen.

577 4115 672 4170 ΗΒ.
709 4130 778 4169 zu
811 4114 1101 4183 Miinchen,
1138 4113 1272 4170 clm
1311 4114 1466 4168 3012.
1503 4109 1605 4170 fol.
1642 4113 1729 4169 44.
1768 4114 1834 4166 15
1871 4111 2070 4169 Jahrb.

576 4234 790 4308 Obiges
824 4236 986 4307 Lied,
1039 4238 1152 4292 wie
1188 4239 1333 4294 auch
1367 4238 1472 4294 No.
1511 4238 1619 4293 306
1643 4277 1659 4308 ,
1710 4234 1868 4308 folgt
1914 4238 1971 4292 in
2020 4236 2122 4291 der
2160 4236 2484 4309 Erklssrnng
2520 4236 2624 4293 der
2657 4236 3048 4308 Engelchfire

400 4322 621 4394 (ἕτερον.
651 4324 722 4379 Μ.
749 4324 896 4380 hom.
932 4324 990 4379 in
1028 4341 1228 4398 evang.
1267 4329 1319 4397 2,
1356 4328 1441 4396 34,
1481 4327 1566 4381 10.
1603 4324 1855 4381 welcher
1891 4330 2049 4399 sagt:
2096 4326 2314 4381 Virtutes
2343 4328 2622 4380 vocantur
2648 4323 2737 4378 illi
2763 4324 3052 4399 spiritns,

398 4424 506 4480 per
554 4426 696 4480 qnos
746 4411 913 4483 signa
958 4417 1018 4467 et
1062 4412 1338 4469 miracula
1386 4410 1734 4484 frequentius
1781 4408 1937 4468 fiunt.
2004 4415 2282 4483 potestates
2315 4415 2597 4468 vocantur
2631 4411 2720 4481 hi,
2775 4412 2882 4482 qni
2923 4415 3055 4471 hoc

402 4498 691 4567 potentius
729 4499 933 4554 ceteris
968 4500 1027 4553 in
1060 4515 1167 4557 suo
1204 4500 1399 4556 ordine
1436 4503 1839 4571 perceperunt,
1902 4503 1967 4555 ut
2012 4514 2209 4555 eorum
2245 4498 2445 4555 ditioni
2478 4497 2720 4555 virtutes
2755 4498 3053 4557 adversm

402 4582 679 4654 subjectae
716 4585 847 4655 sint,
883 4602 1119 4657 quorum
1152 4591 1441 4657 potestate
1474 4575 1875 4657 refraenantur,
1910 4602 1982 4642 ne
2018 4586 2195 4643 corda
2227 4585 2512 4643 hominum
2545 4589 2762 4643 tantum
2796 4591 3058 4647 mmo

396 4669 756 4739 praevaleant
769 4713 784 4744 ‚
821 4677 1086 4746 quantum
1120 4674 1340 4739 volunt.
1385 4677 1712 4748 pmwipatm
1746 4673 1917 4733 etiam
1951 4678 2245 4747 vocantur,
2281 4673 2378 4747 qui
2409 4673 2553 4749 ipsis
2590 4688 2817 4747 qnoque
2849 4672 3056 4733 bonis

2931 1090 3008 1149 55

2939 1684 3016 1748 60

2941 2290 3018 2351 65

2941 2805 3024 2867 '20

2945 3407 3033 3468 '25

2945 3917 3039 3981 80
