3159 5259
2655 290 2785 360 17⁸

336 479 529 538 Ueber
577 479 667 536 die
701 478 1055 552 Eint‘iihrung
1102 480 1286 536 dieses
1332 479 1529 537 reste·
1577 479 1657 535 im
1697 480 1842 536 non
1887 495 1958 535 ιι
1990 479 2197 551 Speier
2242 478 2464 535 enthiilt
2510 478 2610 534 das
2659 480 2780 536 alte

151 567 462 639 Nekrolog
498 566 599 623 des
635 566 932 623 Domstifts
970 569 1085 638 (BL
1123 570 1228 638 96)
1260 568 1336 623 im
1374 568 1721 625 Karlsruher
1745 566 1959 627 Archiv
1994 565 2266 640 folgende
2292 566 2544 638 Aug-abe.
2598 566 2787 623 Festi-

155 655 396 711 vitatem
431 655 724 712 clavorum
759 661 818 710 et
853 655 1067 713 lanoeae
1105 656 1314 712 domini
1347 656 1532 712 nostri
1556 657 1607 713 J.
1635 657 1762 714 Chr.
1805 656 2047 713 instituit
2082 654 2361 710 celebrari
2387 653 2783 725 sollempniter

153 743 215 797 in
268 742 505 814 organis
561 748 620 797 et
673 758 796 797 cum
853 743 1071 799 duobus
1121 743 1446 799 cantoribus
1494 742 1767 815 magister
1803 742 2096 819 Heinricus
2145 741 2215 797 de
2255 742 2547 809 Wesalia‚
2607 742 2778 815 hujus

153 827 453 901 Spirensis
507 828 767 885 ecclesiae
815 828 1066 884 vicarius
1113 835 1172 884 et
1207 828 1509 885 canonieus
1545 847 1589 884 s.
1627 829 1846 887 Florini
1881 827 2303 887 confluentinus
2338 834 2399 884 et
2431 845 2473 883 s.
2511 828 2682 886 Goari
2716 829 2777 884 in

154 917 384 972 modum
417 916 823 988 subscriptum:
859 916 1220 972 laudabilem
1255 915 1661 974 institutionem
1698 917 2097 977 sacratissimae
2124 914 2455 972 festivitatis
2483 915 2779 973 clavorum

153 1010 218 1060 et
253 1004 474 1059 lancee
511 1004 718 1059 domini
753 1022 804 1060 n.
840 1005 890 1059 J.
927 1005 1072 1073 Chr„
1109 1020 1234 1075 quas
1271 1004 1472 1059 dudum
1508 1004 1658 1075 apud
1695 1004 1858 1060 divos
1895 1006 2271 1075 Romanorum
2307 1002 2678 1073 imperatores
2718 1006 2779 1059 et

158 1107 335 1163 reges
364 1090 576 1148 habitae
613 1099 743 1147 sunt
771 1107 878 1162 pro
917 1090 1170 1163 reliquiis
1197 1093 1376 1147 sacris
1413 1097 1472 1147 et
1507 1091 1680 1164 digna
1714 1093 2077 1148 veneratione
2114 1088 2506 1159 servabantur,
2540 1095 2600 1145 et
2632 1104 2783 1145 nunc

154 1180 348 1236 denno
396 1178 788 1234 serenissimus
822 1179 1085 1251 princeps
1132 1184 1190 1234 et
1226 1179 1478 1234 dominus
1524 1185 1724 1235 noster
1773 1180 1917 1236 dom.
1966 1179 2212 1235 Karolus
2248 1183 2480 1249 quartus
2518 1210 2580 1219 —
2619 1179 2779 1234 Rom.

155 1267 289 1338 imp.
327 1283 375 1321 s.
411 1282 541 1338 aug.
577 1271 637 1321 et
672 1267 917 1322 Boemiae
953 1283 1054 1322 rex
1088 1267 1214 1324 zelo
1250 1266 1566 1338 purissimae
1603 1266 1922 1324 devotionis
1957 1267 2033 1322 ad
2085 1267 2418 1345 condignam
2460 1264 2783 1338 hujusmodi

156 1354 530 1425 reliquiarum
576 1353 995 1410 venerationem
1031 1354 1274 1425 optinuit
1319 1354 1392 1409 ab
1442 1354 1764 1425 apostolica
1815 1354 1949 1409 sede
1963 1397 1979 1426 ,
2042 1356 2223 1427 ipsam
2257 1352 2624 1409 festivitatem
2661 1352 2779 1408 cla-

152 1460 364 1502 vorum
397 1438 457 1498 et
490 1443 706 1498 lanceae
743 1442 952 1498 debere
986 1458 1091 1514 per
1126 1442 1314 1513 ampla
1352 1447 1631 1498 terrarum
1668 1441 1860 1511 spatia
1890 1444 2065 1499 totius
2098 1439 2408 1498 Alamaniae
2444 1444 2503 1494 et
2527 1438 2779 1495 Boemiae

153 1532 217 1587 in
253 1529 600 1602 quibuslibet
633 1529 890 1585 ecclesiis
926 1530 1148 1586 devotis
1184 1528 1658 1586 modulationibus
1694 1528 1990 1585 celebrari.
2061 1528 2150 1586 Ad
2175 1540 2342 1600 quam
2367 1525 2779 1581 institutionen

152 1618 371 1675 devote
401 1617 787 1689 peragendam
823 1617 1008 1673 dictus
1043 1616 1318 1689 magister
1351 1614 1647 1673 Helm-icus
1682 1615 1753 1670 de
1788 1616 2072 1686 wesalia,
2107 1613 2404 1671 familiaris
2441 1612 2781 1670 domesticus

151 1705 342 1779 ipsius
378 1704 585 1761 domini
620 1704 982 1775 inperatoris
1001 1745 1017 1773 ,
1079 1703 1424 1775 singularem
1459 1700 1816 1758 affectionem
1854 1719 2061 1775 gerens
2075 1744 2089 1773 ‚
2154 1703 2225 1758 de
2259 1718 2365 1758 suo
2400 1700 2638 1773 proprio
2676 1699 2782 1757 do·

152 1794 323 1850 navit
358 1797 578 1849 centum
616 1787 867 1847 florenos
913 1790 1040 1846 auri
1085 1791 1162 1846 ad
1195 1791 1324 1861 pios
1359 1806 1494 1847 usus
1531 1789 1964 1859 praesentiarum
1999 1789 2161 1846 istius
2197 1788 2484 1860 Spirensis
2517 1787 2780 1844 ecelesia

155 1888 219 1938 ot
256 1881 501 1937 omniun
536 1895 935 1951 personarum,
981 1880 1214 1935 eandem
1231 1878 1613 1950 praesentim
1647 1878 1706 1933 in
1741 1878 1947 1947 choro,
1998 1882 2069 1933 et
2092 1892 2207 1932 non
2240 1874 2409 1943 alibi,
2458 1874 2783 1931 deservien-

157 1972 321 2031 tim.
391 1974 557 2028 Anno
589 1973 743 2027 1370.
1424 1973 1432 1980 ‘
2732 1986 2749 1999 ν

349 2096 411 2152 In
446 2095 547 2151 der
582 2095 705 2165 Hs„
767 2109 1001 2150 vorans
1053 2094 1143 2150 die
1193 2091 1499 2165 folgenden
1545 2092 1748 2148 Lieder
1793 2090 1898 2146 No.
1935 2088 2115 2144 128-
2132 2088 2243 2143 133
2273 2098 2602 2158 genommen
2638 2080 2781 2142 sind,

29 2167 36 2171 ’
157 2187 320 2244 steht
354 2185 444 2240 die
480 2185 645 2241 Bulle
683 2183 784 2239 des
825 2184 1067 2255 Papstes
1094 2183 1367 2239 Innocens
1392 2179 1485 2250 vl,
1520 2179 1798 2235 wodurch
1824 2174 1932 2235 auf
1948 2177 2245 2248 Begehren
2273 2172 2474 2229 Kaiser
2502 2170 2671 2227 Karls
2689 2167 2781 2226 IV.

156 2278 272 2334 das
303 2275 438 2331 Fest
485 2273 585 2330 der
619 2272 807 2344 Niigel
852 2272 966 2327 und
999 2272 1184 2327 Lanse
1230 2269 1290 2324 in
1325 2266 1701 2324 Teutschland
1742 2263 2084 2338 ‘eingefflhrt
2122 2261 2336 2318 wurde.
2404 2259 2479 2315 Es
2517 2258 2595 2312 ist
2629 2256 2780 2311 hier·

154 2363 313 2421 nach
346 2359 840 2428 wahrscheinlich,
878 2357 1010 2413 dass
1047 2358 1192 2413 auch
1227 2373 1340 2412 von
1376 2355 1671 2411 teutschen
1709 2354 1977 2409 Dichtern
2002 2352 2257 2422 Hymnen
2292 2345 2400 2404 auf
2428 2346 2614 2403 dieses
2641 2342 2781 2399 Fest

155 2448 428 2525 gemacht
460 2448 698 2504 wurden
720 2489 736 2518 ,
782 2462 948 2503 ποια
985 2445 1074 2499 di'e
1111 2443 1432 2515 Antiphone
1469 2442 1573 2517 No.
1611 2443 1716 2497 132
1752 2440 1978 2513 gehort.
2050 2439 2249 2494 Davon
2282 2450 2435 2491 muss
2469 2447 2601 2488 man
2633 2429 2780 2485 aber

155 2540 256 2597 die
290 2537 491 2603 Liedu·
539 2553 653 2593 von
707 2537 810 2592 der
843 2534 1250 2592 Dornenkrone
1306 2529 1733 2589 unterscheiden
1748 2571 1764 2600 ,
1827 2529 1939 2585 wie
1992 2526 2097 2583 No.
2134 2526 2240 2580 134
2255 2555 2317 2565 -
2337 2523 2469 2590 136,
2531 2519 2620 2574 die
2654 2515 2785 2572 wol

155 2625 572 2686 meistentheils
608 2641 724 2682 von
759 2623 1095 2696 spanischen
1139 2618 1480 2676 versassern
1516 2618 1845 2673 herriihren.
1912 2614 2057 2672 Jene
2092 2611 2293 2669 Lieder
2339 2626 2457 2666 von
2487 2605 2783 2664 teutschen

157 2716 446 2781 uiolatum,
470 2713 597 2771 sind
632 2712 790 2770 nicht
823 2712 970 2771 alter
1006 2710 1094 2766 als
1132 2709 1222 2765 die
1264 2707 1466 2763 zweite
1504 2703 1697 2761 Hfflste
1735 2704 1834 2763 des
1872 2706 1939 2758 14
1974 2701 2171 2761 Jahrb.

598 3086 764 3160 128.
857 3080 946 3154 ln
1012 3080 1193 3152 festo
1244 3078 1603 3150 clavorum
1658 3086 1727 3146 et
1776 3072 2035 3143 lanceae
2085 3070 2367 3141 domini.

1039 3198 1339 3302 hymnus
1393 3196 1484 3268 ad
1531 3197 1927 3268 matutinos.

695 3412 1000 3481 Paschali
1036 3410 1248 3496 jubilo
1283 3410 1516 3494 juncta
1560 3406 1689 3470 sint
1725 3403 1965 3488 gaudia

699 3526 768 3583 et
812 3535 955 3583 cum
997 3513 1329 3599 praeconio
1374 3529 1547 3576 nova
1594 3508 1963 3588 sollemnia,

691 3622 761 3686 in
804 3621 932 3685 hoc
975 3617 1256 3702 tripudio
1294 3618 1420 3680 sint
1463 3616 1527 3679 in
1573 3614 1881 3678 memoria

827 3744 1019 3805 cruat,
1068 3718 1293 3787 clavus
1339 3729 1405 3785 et
1448 3720 1696 3783 lancea.

698 3909 878 3977 Crux
923 3907 1097 3995 apud
1137 3907 1381 3971 inferos
1426 3904 1665 3987 spoliat
1708 3907 2053 3980 tartarum,
2400 3952 2405 3956 .
2747 3896 2797 3958 ὅ

709 4035 869 4081 crux
912 4012 1088 4098 apud
1132 4028 1406 4095 superos
1451 4008 1693 4074 sanctis
1738 4006 1850 4070 dat
1891 4001 2224 4089 praemium

696 4127 764 4185 et
806 4138 1004 4204 super
1051 4118 1322 4202 angelos
1365 4113 1735 4181 transmittit
1780 4110 2139 4188 dominum3

834 4222 1123 4308 gaudent
1166 4208 1372 4303 regna
1416 4216 1719 4283 caelestia.

710 4407 954 4473 Clavus
999 4405 1147 4470 dum
1192 4404 1412 4486 figitur
1455 4403 1518 4466 in
1542 4396 1672 4464 'dei
1715 4386 2006 4463 manibus
2391 4458 2398 4465 ,

655 4570 659 4574 .
707 4522 773 4578 et
817 4513 966 4576 dum
1014 4507 1380 4575 confoditur
1422 4508 1488 4570 in
1535 4503 1738 4570 sacris
1781 4499 2087 4586 pedibuS,
2712 4494 2802 4558 10

714 4634 953 4700 corpus
997 4616 1092 4681 sic
1137 4613 1485 4695 frangitur,
1532 4625 1661 4694 quo
1707 4623 1828 4690 pro
1874 4601 2235 4696 hominibus

741 4756 750 4763 -
848 4738 1090 4803 magna
1130 4716 1478 4794 funduntur
1520 4712 1797 4784 flumina.
