3159 5259
547 279 683 344 m

546 483 739 549 quem
791 472 861 529 et
902 471 1453 528 remuneratorem

633 569 916 633 sentiunt
963 568 1030 632 in
1057 570 1360 652 praemio.

546 756 649 826 Ibi
692 756 866 823 dona
910 757 1310 841 singulorum

635 861 995 925 communia
1040 860 1332 924 omnibus
1346 905 1369 941 ,

547 961 632 1027 de
678 962 864 1027 donis
908 963 1362 1026 universorum

636 1063 949 1147 tripudiat
994 1062 1305 1146 singulus,

548 1167 645 1232 sic
688 1165 763 1230 fit
803 1166 1037 1250 plenus
1080 1167 1492 1251 praemiorum

637 1269 831 1334 etiam
877 1270 933 1334 si
976 1271 1287 1335 minimus.

548 1454 604 1521 0
650 1464 956 1540 quantum
1001 1456 1114 1521 dat
1158 1458 1471 1523 claritatis

634 1561 755 1624 toti
799 1561 948 1625 coeli
991 1561 1190 1625 curiae

544 1671 755 1727 mater
798 1663 978 1745 regis
1021 1664 1408 1747 majestatie,

633 1763 847 1829 Maria
889 1782 1009 1827 vas
1054 1766 1288 1847 gratiae
1302 1814 1320 1847 ,

549 1886 697 1950 quae
743 1868 990 1932 cunctis
1036 1876 1228 1958 grata
1272 1871 1482 1934 beatis

630 1968 845 2050 gloria
891 1988 1081 2050 quam
1124 1972 1314 2034 facie.

544 2175 779 2242 Mariae
822 2176 1009 2241 nimis
1053 2176 1368 2241 mirantur

634 2283 910 2366 gloriam
956 2302 1148 2365 quam
1190 2283 1452 2366 merita,

543 2406 695 2451 nam
738 2387 804 2449 in
847 2387 996 2470 ipsa
1040 2386 1558 2470 contemplantur

631 2507 751 2554 sua
796 2490 1007 2558 cuncti
1051 2493 1356 2574 praemia,

541 2609 803 2672 semper
849 2591 932 2654 ab
973 2589 1098 2654 hac
1140 2591 1541 2658 illustrantur

630 2690 892 2755 clariori
936 2690 1167 2772 gloria.

538 2895 707 2961 Huic
751 2902 956 2960 coetus
1003 2898 1381 2979 angelorum

626 3000 1001 3085 congaudet
1044 3009 1113 3066 et
1155 3003 1497 3088 hominum,

539 3104 713 3170 hanc
759 3103 999 3169 chorus
1046 3106 1492 3189 apostolorum

626 3207 959 3272 collaudat
1005 3227 1085 3273 ac
1128 3217 1502 3294 martyrum,

537 3310 690 3375 huic
735 3312 926 3375 turba
970 3312 1417 3377 confessorum

625 3412 963 3493 applaudit
1008 3433 1089 3477 ac
1132 3414 1472 3497 virginum.

533 3613 664 3699 Eja
713 3616 943 3681 merito
989 3625 1056 3681 et
1087 3619 1245 3701 jure

621 3723 719 3787 sic
764 3739 985 3786 omnes
1029 3731 1097 3788 et
1132 3725 1369 3808 singuli

531 3828 809 3894 Mariam
852 3826 1177 3892 honorant
1219 3848 1385 3912 pure

619 3929 904 4013 tripudio
948 3930 1190 4014 gaudii,

528 4051 806 4115 namque
853 4051 980 4117 ope
1025 4053 1163 4098 suae
1207 4051 1388 4098 curae

616 4144 1007 4222 reparantur
1050 4135 1309 4219 perditi²

523 4341 716 4409 Nunc
758 4361 881 4427 per
924 4346 1260 4427 speculum
1303 4346 1625 4432 videmus,

610 4447 855 4512 umbris
902 4455 970 4511 et
1013 4450 1395 4535 aenigmate,

524 4555 678 4613 tunc
722 4555 794 4612 ut
837 4550 976 4614 noti
1018 4568 1491 4634 cognoscemus

608 4669 803 4736 pure,
846 4652 1021 4720 nude
1039 4701 1059 4738 ,
1103 4653 1351 4739 lucide,

1718 859 1802 922 20

1718 1462 1803 1525 25

1717 1977 1799 2040 30

1716 2594 1800 2659 35

1708 3211 1794 3274 40

1703 3829 1787 3892 45

1910 463 2160 529 clarum
2202 461 2414 527 visum
2454 481 2601 528 nam
2643 459 2878 544 ligemus

1998 588 2081 632 en
2126 568 2190 631 in
2236 567 2451 632 lumen
2497 566 2729 651 gloriae.

1909 752 2345 819 Personarum
2381 753 2720 818 trinitatem
2979 752 3022 811 55

1998 858 2180 923 clare
2224 855 2725 942 speculabimur,

1912 955 2212 1019 essentiae
2256 956 2568 1019 unitatem
2603 960 2607 963 ⁴

1996 1054 2169 1119 nude
2215 1053 2800 1138 contemplabimur,

1911 1158 2223 1223 unitatem
2267 1158 2616 1222 trinitatem

1996 1261 2063 1325 in
2107 1278 2237 1325 uno
2281 1260 2668 1325 mirabimur.
2977 1250 3019 1311 60

1912 1448 2190 1534 Semper
2231 1451 2496 1514 noviter
2542 1446 2840 1511 dulcescet

1999 1556 2203 1619 omnis
2245 1557 2396 1620 veri
2438 1553 2646 1634 notio,

1910 1660 2137 1723 summi
2179 1660 2339 1723 boni
2383 1675 2513 1723 non
2555 1659 2820 1738 tepescet

1993 1760 2250 1825 fervida
2298 1760 2593 1841 dilecti0,

1906 1885 2088 1929 verae
2131 1866 2319 1949 pacis
2365 1883 2495 1929 non
2539 1860 2874 1943 languescet
2973 1846 3018 1908 65

1986 1967 2282 2052 jocunda
2328 1967 2565 2033 fruitio.
2971 1983 2978 1998 ·

1905 2176 2047 2242 Deo
2090 2177 2431 2243 ferventer
2475 2178 2788 2248 vacanteS,

1991 2288 2064 2345 ut
2108 2288 2239 2362 est,
2285 2281 2463 2345 hunc
2504 2273 2850 2347 videbimus,

1904 2384 2114 2470 ipsum
2160 2384 2501 2450 ferventer
2545 2382 2802 2445 amantes

1994 2488 2079 2553 ad
2122 2496 2349 2554 votum
2393 2484 2778 2558 habebimus,

1907 2610 2097 2676 quem
2140 2591 2445 2659 videntes
2488 2597 2556 2655 et
2595 2583 2844 2650 zelant&3

1990 2713 2189 2779 pares
2233 2697 2299 2761 ei
2344 2696 2597 2763 erimus.

2967 2453 3012 2516 w

1902 2905 2085 2971 Tunc
2129 2905 2369 2970 erimus
2414 2884 2815 2968 transformati

1985 3008 2053 3071 in
2098 3006 2288 3071 deum
2336 3002 2619 3072 totaliter

1898 3112 2115 3195 diique
2163 3110 2452 3177 deificati

1985 3214 2596 3299 supernaturaliter,

1897 3318 2013 3384 filii
2056 3318 2164 3383 dei
2209 3317 2505 3404 adoptati

1984 3442 2155 3488 nunc
2199 3430 2267 3487 et
2310 3413 2712 3488 aeternaliter.

1895 3626 1970 3694 In
2016 3627 2124 3690 dei
2166 3628 2472 3694 fruitione
2960 3672 3014 3738 3⁰

1983 3730 2381 3812 exspirando
2428 3723 2713 3795 moritur,

1893 3832 1960 3896 in
2006 3832 2150 3916 ejus
2193 3832 2566 3920 laudatione

1978 3937 2366 4022 respirando
2409 3934 2638 4005 oritur,

1892 4038 1957 4102 in
2001 4036 2129 4102 hac
2172 4034 2597 4103 alternatione

1975 4160 2219 4226 perpes
2264 4143 2400 4209 vita
2445 4134 2688 4204 colitur.

2962 4271 3013 4342 85

1781 4397 1790 4407 .
1886 4344 2038 4411 Jam
2082 4344 2275 4410 homo
2318 4342 2454 4411 noli
2495 4334 2709 4401 timere

1697 4453 1781 4518 5⁰

1978 4466 2375 4531 quaecunque
2422 4424 2801 4528 gravamina,

1884 4571 2008 4636 per
2052 4552 2201 4618 haec
2242 4553 2425 4618 vales
2467 4538 2744 4611 obtinere

1969 4664 2102 4722 tam
2144 4658 2453 4725 immensa
2493 4631 2723 4732 gaudia
