3159 5259
363 269 450 338 ²²

359 454 663 522 Gaudeat
705 471 959 537 pauper
1001 449 1286 531 humilis,

364 560 515 626 huie
557 556 794 623 mundo
839 554 1164 620 dissimilis
1179 604 1196 636 ,

363 681 596 728 carens
643 659 881 725 nummi
923 657 1163 721 divitiis

362 763 649 831 abundet
690 763 996 828 virtutum
1041 758 1246 824 doniS.

363 938 623 1020 Quanto
669 938 813 1021 quis
857 936 965 1003 hio
1007 936 1390 1021 pauperior,

361 1049 546 1108 tanto
591 1039 853 1105 Christo
896 1040 1181 1122 similior,

365 1148 476 1232 qui
522 1148 768 1213 eunctis
811 1153 914 1211 est
957 1146 1255 1211 humilior

367 1252 723 1335 egenisque
765 1252 1133 1336 pauperior.

367 1434 628 1519 Pauper
671 1434 780 1500 hio
822 1434 1006 1499 nasei
1048 1432 1271 1513 voluit,

366 1538 515 1624 plus
560 1558 813 1623 pauper
857 1540 1089 1623 vigens
1135 1536 1388 1621 deguit,

367 1661 450 1708 ao
490 1650 950 1727 paupertatem
993 1642 1180 1724 abiit,

366 1743 488 1810 sed
530 1745 984 1829 pauperrimus
1029 1744 1204 1808 obiit.

368 1924 538 1992 Vide
584 1924 910 1991 Christum
954 1926 1384 2007 humillimum,

369 2031 479 2115 qui
521 2030 787 2114 frigoris
830 2029 1299 2097 incommodum

367 2141 690 2216 utcunque
735 2154 857 2219 per
905 2134 1204 2198 solatium

368 2236 678 2322 propellit
721 2236 1104 2302 animalium.

343 2416 613 2488 „Horum
657 2438 932 2503 namque
978 2418 1297 2483 anhelitus

367 2523 671 2589 ealefacit
715 2524 978 2589 uberius

366 2625 706 2708 infantem,
752 2627 862 2708 qui
904 2633 1177 2710 propter
1221 2624 1425 2710 frigus

368 2731 489 2794 sub
533 2731 765 2814 pannis
809 2731 995 2815 vagit
1038 2731 1289 2795 vilibus

370 2907 424 2975 Ο
474 2909 794 2975 humilitas
838 2910 1062 2994 nimia,

370 3033 411 3079 o
454 3024 810 3100 paupertas
855 3017 1196 3098 altissima,

369 3118 543 3201 quod
589 3141 630 3185 a
673 3121 877 3187 brutis
925 3123 1159 3186 solatia

369 3225 546 3309 capit
587 3225 723 3310 hie,
770 3229 881 3310 qui
925 3236 1025 3292 est
1069 3227 1298 3292 omnia.

1532 653 1617 716 55

1534 1248 1621 1313 60

1537 1926 1621 1989 65

1536 2524 1622 2589 ’10

1541 3123 1623 3187 75

1722 443 1891 524 Quid
1934 444 2109 529 quod
2152 448 2273 512 bos
2315 466 2442 513 nee
2484 467 2611 513 non
2658 448 2894 515 asinus
2941 463 3003 546 J„
3050 491 3061 498 ·

1722 559 1993 633 uterque
2039 549 2298 615 Christo
2343 551 2713 617 commodus
2726 602 2745 636 ,
2980 555 2995 574 ²

1722 654 1789 719 ni
1833 653 2007 737 quod
2053 654 2281 721 doetus
2324 663 2392 720 et
2434 654 2731 722 indoctus

1722 767 1997 842 uterque
2041 757 2302 824 Christo
2345 759 2621 844 placitus
2640 761 2677 824 ⁴3
2885 762 2985 828 80

1722 936 1969 1006 Doctus
2014 957 2134 1005 seu
2172 938 2379 1004 idiota
2421 940 2539 1023 sit,

1725 1040 2021 1106 Christus
2064 1042 2382 1108 neminem
2426 1042 2680 1126 abjieit,

1724 1144 2069 1210 dummodo
2112 1145 2283 1212 huno
2326 1148 2641 1212 amaverit

1724 1267 1925 1331 seque
1969 1246 2419 1313 humiliaverit.

1726 1429 1915 1507 Quod
1956 1431 2228 1496 verbum
2270 1429 2405 1495 vita
2448 1429 2739 1514 praeditis
2888 1429 2983 1498 85

1725 1550 1844 1597 seu
1888 1532 2033 1598 luce
2080 1535 2233 1597 vitae
2278 1533 2584 1617 simplicis

1724 1635 2075 1721 proficiunt
2117 1637 2226 1704 hie
2271 1639 2414 1703 aliis

1726 1740 2021 1804 salvator
2067 1739 2285 1805 calefit
2328 1743 2411 1806 ab
2458 1739 2576 1804 his.

1729 1922 1935 1987 Natus
1982 1930 2313 2006 pastorum
2357 1924 2632 2007 optimus

1726 2027 2056 2090 nuntiatur
2098 2028 2498 2112 pastoribus,
2896 2032 2984 2097 90

1725 2149 1855 2196 non
1898 2132 2089 2215 pigre
2135 2131 2659 2215 dormitantibus,

1728 2233 1846 2298 sed
1890 2235 2084 2318 gregi
2126 2235 2559 2318 vigilantibus.

1727 2417 2069 2503 Nunquam
2114 2422 2343 2486 mentis
2390 2420 2667 2507 desidia,

1726 2522 1846 2588 sed
1890 2524 2146 2590 interna
2188 2526 2416 2609 vigilia

1726 2629 2170 2713 percipiuntur
2214 2631 2435 2694 intima
2893 2634 2977 2698 95

1653 2719 1657 2726 ’
1727 2733 1960 2797 natalis
2007 2732 2245 2798 Christi
2288 2733 2545 2817 gaudia.

1731 2912 1976 2978 Parare
2021 2933 2141 2978 nos
2185 2914 2271 2979 ad
2315 2917 2591 2998 gratiam

1731 3038 1853 3102 per
1896 3018 2211 3084 internam
2256 3020 2612 3085 custodiam

1731 3131 1978 3206 praesta
2018 3121 2182 3187 Jesu
2226 3144 2345 3188 rex
2388 3125 2618 3206 gloriae

1728 3246 1930 3310 prece
1978 3226 2186 3304 laudis
2228 3238 2584 3313 perpetuae.
2852 3228 2975 3294 100

551 3428 646 3483 Hs.
681 3446 752 3484 zu
786 3429 1113 3499 Rada-ulie,
1151 3430 1296 3486 ohne
1323 3431 1604 3499 Nummer,
1645 3432 1710 3483 15
1728 3429 1927 3486 Jahrb.
1980 3429 2368 3487 Vorstehende
2402 3434 2438 3487 3
2466 3431 2665 3486 Lieder
2701 3433 2983 3502 (51—53)

370 3514 498 3572 sind
532 3514 632 3570 der
668 3516 1038 3588 Behandlung
1072 3517 1218 3572 nach
1252 3533 1367 3572 von
1405 3517 1532 3572 dem
1565 3518 1879 3572 ntimlichen
1917 3518 2160 3574 Dichter.
2250 3537 2257 3546 ·

544 3677 617 3731 63
653 3675 944 3733 entweder
978 3678 1052 3732 ad
1083 3675 1222 3732 oder
1258 3677 1434 3734 habuit
1465 3695 1537 3732 zu
1575 3676 1748 3732 lesen.
1821 3679 1891 3732 80
1924 3677 2208 3748 placidus,
2243 3677 2336 3732 Hs.

549 3833 615 3888 V.
649 3837 699 3889 2.
753 3851 998 3891 manens.
1051 3834 1226 3889 Filius
1266 3836 1355 3890 dei
1392 3832 1577 3891 faetus
1615 3841 1705 3891 est
1747 3837 1947 3904 homo,
1996 3836 2079 3890 ita
2111 3852 2174 3890 se
2210 3835 2284 3890 ad
2319 3833 2729 3904 susceptionem
2765 3829 2989 3886 humili-

371 3920 507 3975 tatis
541 3927 757 3976 nostrae
794 3923 914 3977 sine
951 3922 1313 3978 diminutione
1350 3939 1469 3979 suae
1502 3923 1823 3998 majestatis
1858 3921 2162 3992 inclinans,
2225 3928 2290 3976 ut
2334 3936 2589 3989 manens,
2653 3918 2805 3988 quod
2838 3922 2985 3987 erat,

369 4023 794 4080 assumensque,
843 4011 995 4081 quod
1028 4027 1142 4067 non
1178 4017 1332 4082 erat,
1381 4027 1575 4067 veram
1614 4013 1768 4067 servi
1804 4009 2044 4067 formam
2079 4012 2134 4066 ei
2168 4008 2393 4078 formae,
2443 4009 2501 4062 in
2537 4024 2648 4077 qua
2682 4006 2791 4061 deo
2828 4006 2984 4076 patri

372 4099 462 4149 est
496 4096 759 4166 aequalis,
817 4097 1033 4168 uniret,
1087 4103 1146 4153 et
1182 4104 1342 4154 tanto
1378 4095 1596 4155 foedere
1634 4105 1893 4155 naturam
1929 4105 2217 4171 utramque
2254 4099 2606 4164 consereret,
2661 4099 2725 4149 ut
2757 4109 2864 4148 nee
2898 4092 2986 4148 in-

373 4178 643 4239 feriorem
677 4191 1030 4242 consumeret
1065 4183 1425 4259 glorificatio,
1461 4203 1565 4242 neo
1600 4188 1955 4258 superiorem
1987 4187 2262 4243 minueret
2296 4182 2580 4240 assumtio.
2617 4181 2779 4237 salva
2806 4181 2986 4253 igitur

372 4272 724 4342 proprietate
771 4275 1058 4346 utriusque
1113 4273 1444 4330 substantiae
1508 4280 1567 4330 et
1614 4275 1672 4329 in
1718 4291 1886 4331 unam
1941 4276 2177 4331 coeunte
2211 4287 2542 4345 personam,
2605 4268 2912 4339 suscipitur
2946 4283 2986 4325 a

374 4359 674 4432 majestate
707 4361 1017 4433 humilitas,
1055 4380 1091 4419 a
1125 4364 1335 4419 virtute
1373 4359 1669 4419 infirmitas
1685 4404 1700 4434 ‚
1737 4363 1809 4418 ab
1847 4363 2164 4418 aeternitate
2200 4359 2547 4429 mortalitas3
2584 4362 2643 4413 et
2676 4356 2751 4411 ad
2778 4355 2987 4427 depen-

374 4447 611 4503 dendum
647 4455 857 4505 nostrae
894 4452 1232 4508 conditionis
1268 4452 1516 4508 debitum
1551 4456 1754 4507 natura
1781 4449 2129 4506 inviolabilis
2156 4453 2373 4503 namrae
2402 4451 2492 4501 est
2522 4445 2679 4499 unita
2704 4441 2986 4514 passibili,

374 4535 620 4605 deusque
655 4551 826 4591 verus
862 4543 921 4593 et
953 4541 1123 4595 homo
1158 4555 1331 4594 verus
1367 4540 1425 4595 in
1463 4539 1733 4595 unitatem
1770 4537 1978 4594 domini
2012 4540 2384 4607 temperatur,
2436 4539 2526 4602 ut,
2579 4531 2731 4604 quod
2765 4530 2982 4587 nostris

371 4622 634 4679 remediis
671 4624 1034 4696 mugruebat,
1069 4642 1210 4681 unus
1248 4633 1417 4699 atque
1453 4627 1603 4682 idem
1640 4626 1732 4681 dei
1765 4625 2154 4693 hominumque
2190 4621 2467 4677 mediator
2504 4625 2565 4676 et
2597 4618 2744 4674 mori
2780 4622 2983 4692 posset

372 4725 444 4772 ex
477 4727 590 4772 uno
625 4716 687 4771 et
721 4727 1026 4788 resurgere
1062 4718 1259 4789 posset
1293 4731 1366 4776 ex
1398 4714 1603 4778 altero.
1669 4714 1825 4773 Leon.
1860 4713 1932 4772 M.
1965 4728 2128 4772 serm.
2162 4712 2251 4784 21,
2287 4711 2338 4768 2.
