3159 5259
451 293 545 361 Β

374 542 381 548 .
448 481 742 550 Verbum
785 483 1149 568 profectum
1191 484 1514 568 proditum
1805 492 2035 552 renata
2077 483 2265 572 plebs
2308 509 2433 574 per
2458 481 2736 573 gratiam

447 585 593 650 tulit
638 593 888 650 reatum
933 587 1264 652 eriminum
1617 587 1699 651 1o
1804 588 1951 655 haee
1993 589 2165 656 festa
2206 595 2463 678 praebet
2506 614 2734 662 annua.

444 705 832 771 sumensque
877 695 1167 750 nostrum
1213 685 1554 769 pulverem

446 793 672 857 mortis
715 791 990 875 peremit
1032 790 1410 875 prinoipem.
1802 751 2149 821 Advem
2192 757 2301 824 ¹¹3⁰
2343 759 2757 828 “stlembus
2986 767 3076 832 25

1715 911 1720 916 .
1803 857 1975 922 votis
2018 853 2267 924 feratur
2311 862 2633 945 omnibu8‚

440 947 515 1017 A
557 958 762 1026 matre
808 956 996 1014 natus
1040 959 1363 1036 tempore,
1595 943 1600 954 ’
1803 977 1967 1041 quos
2013 962 2334 1028 sustinere
2379 966 2682 1031 convenit

439 1052 563 1120 sed
606 1055 1032 1138 sempiternus
1077 1076 1117 1123 a
1161 1065 1383 1143 patre,
1800 1061 1965 1127 tanti
2008 1062 2138 1129 diei
2179 1065 2473 1148 gloriam.

440 1155 695 1221 duabus
736 1158 802 1222 in
846 1178 878 1222 Β
1114 1161 1219 1225 tiis
1253 1267 1268 1281 .
1321 1268 1334 1283 .
1616 1167 1696 1229 ¹⁵
1800 1222 2139 1291 Secundus
2183 1233 2255 1292 ut
2297 1246 2441 1294 eum
2485 1229 2760 1313 ooeperit

439 1279 465 1344 ¹
642 1280 726 1325 na
770 1262 913 1328 ⁸⁰1⁸
957 1272 1057 1328 est
1100 1285 1389 1331 mmmm
1800 1330 2153 1411 orbemque
2200 1337 2413 1394 terror
2455 1331 2792 1415 presserit,
2977 1335 3067 1399 3⁰

436 1422 639 1490 Venit
685 1427 843 1493 deus
889 1431 1100 1497 factus
1142 1432 1336 1500 homo
1355 1482 1373 1518 ,
1798 1440 2097 1497 suem-rat
2139 1432 2285 1498 haee
2329 1433 2681 1501 humillima

440 1530 716 1596 nitescat
763 1541 835 1599 ut
879 1536 1054 1601 cultu
1097 1556 1270 1604 novo
1798 1534 2231 1620 susceptionis
2276 1534 2575 1621 dignitas·

440 1642 704 1699 renatus
748 1637 815 1700 in
857 1647 1011 1704 nato
1057 1639 1184 1705 deo
2372 1702 2409 1717 ..
2484 1702 2498 1717 .

440 1737 651 1803 faetus
696 1758 903 1805 novus
949 1751 1137 1808 vetus
1181 1743 1392 1808 homo.
1606 1745 1691 1808 20
1794 1697 2048 1820 Ρῐωῗίι
2089 1707 2279 1784 Pater
2321 1720 2608 1823 Ρωωῖο

1796 1810 2095 1889 patrique
2144 1823 2411 1890 compar
2452 1827 2642 1874 unice

434 1902 690 1969 Natalis
734 1906 886 1973 hine
930 1911 1014 1974 ob
1061 1907 1364 1991 gaudium
1797 1926 1943 1973 eum
1987 1909 2218 1993 spiritu
2258 1912 2577 1995 paraclito
2967 1917 3053 1981 35

434 2025 646 2073 ovans
692 2011 989 2095 trophaeo
1034 2015 1321 2095 gentium
1795 2030 2080 2094 regnans
2123 2035 2245 2097 per
2290 2033 2477 2079 omne
2522 2015 2843 2083 saeoulum.

615 2214 708 2268 Hs.
747 2214 847 2268 der
881 2212 1364 2269 Stadtbibliothek
1398 2230 1467 2269 zu
1493 2213 1656 2268 Trier
1691 2213 1794 2270 No.
1833 2216 1984 2269 1404.
2033 2232 2135 2270 aus
2171 2214 2297 2270 dem
2333 2216 2678 2290 Uebergang
2712 2219 2813 2275 dea
2849 2220 2886 2275 8
2924 2237 3051 2278 zan

432 2300 475 2353 9
510 2301 729 2371 Jahrb„
765 2307 928 2357 unter
960 2302 1119 2356 einer
1153 2301 1747 2373 Hymnensammlung,
1798 2301 1888 2356 die
1927 2301 2051 2356 dem
2086 2302 2323 2358 Kloster
2359 2304 2415 2361 S.
2451 2306 2716 2361 Matthias
2753 2307 2844 2362 bei
2879 2308 3054 2365 Trier

434 2391 678 2462 gehorte
698 2393 838 2460 (A);
868 2391 1011 2445 auch
1039 2390 1094 2445 in
1122 2390 1247 2444 dem
1274 2390 1626 2461 hymnarium
1653 2391 1751 2445 des
1772 2389 2069 2446 Cardinals
2088 2390 2313 2445 'romani
2332 2390 2387 2447 S.
2408 2395 2527 2448 3⁷9.
2555 2395 2637 2449 ed.
2658 2396 2900 2451 Vezzosi
2919 2398 3050 2468 (Β).

438 2479 636 2534 Danae!
666 2481 712 2546 1,
748 2480 855 2532 274
890 2479 989 2533 hat
1025 2478 1207 2532 dieses
1242 2478 1378 2534 Lied
1413 2478 1569 2533 nicht
1605 2483 1768 2533 unter
1805 2477 1896 2532 die
1933 2477 2088 2533 alten
2125 2478 2378 2549 Hymnen
2413 2481 2870 2555 aufgennmnmn,
2912 2487 3054 2542 weil

432 2580 502 2620 er
538 2581 599 2619 es
635 2581 740 2621 nur
774 2564 866 2619 bei
903 2561 1217 2621 Cassander
1253 2562 1416 2633 fiand,
1454 2565 1699 2620 sondern
1726 2565 1901 2636 Jenen
1939 2565 2336 2638 beigeordnet‚
2374 2571 2463 2624 die
2500 2571 2557 2625 in
2593 2574 2700 2628 den
2738 2574 3052 2632 Brevierea

434 2652 537 2707 des
578 2653 645 2705 14
679 2652 869 2707 Jahn-h.
908 2652 1297 2722 vorkommen‚
1346 2669 1471 2707 was
1508 2653 1794 2726 unrichtig
1830 2654 1931 2723 ist,
1987 2653 2059 2709 da
2108 2670 2171 2708 ea
2207 2653 2265 2708 in
2302 2655 2403 2711 dha
2439 2656 2624 2713 fiinfte
2657 2660 3050 2722 Jahrhundort

428 2742 654 2813 gehort.

620 2883 647 2938 ί
678 2902 956 2972 hymnum,
990 2901 1056 2955 A.
1095 2901 1416 2971 gewonlich
1450 2900 1690 2955 braucht
1725 2900 1815 2955 die
1852 2900 1947 2955 Ha.
1984 2901 2087 2956 das
2122 2903 2302 2957 Wort
2336 2900 2575 2969 neutral,
2609 2917 2735 2957 was
2771 2902 2863 2958 ich
2900 2908 3048 2962 auch

435 2990 496 3046 in
532 2992 741 3046 andern
778 2991 900 3046 Han.
938 2991 1037 3046 des
1074 2992 1108 3046 8
1134 2991 1329 3046 Jahrh.
1365 2988 1754 3063 angetroffen‚
1793 2990 1882 3044 die
1919 3006 1992 3044 an
2029 2991 2118 3046 die
2154 2991 2351 3060 lingua
2377 2990 2592 3045 rustica
2628 2988 2881 3059 streifen,
2920 3008 3045 3049 was

430 3078 527 3135 fiir
565 3081 664 3135 das
701 3080 847 3134 hehe
884 3079 1046 3135 Alter
1082 3079 1309 3134 solcher
1346 3079 1600 3150 Hymnen
1637 3076 1866 3147 sprieht.
1941 3079 1969 3130 1
2009 3076 2257 3133 clamitet
2291 3078 2352 3131 B.
2425 3078 2457 3131 9
2494 3075 2757 3146 profecto
2786 3079 2848 3147 B,
2887 3080 3045 3137 nicht
3157 3083 3159 3086 ’

429 3176 563 3240 gut,
626 3170 772 3224 dena
819 3185 880 3222 es
914 3169 993 3223 ist
1029 3168 1118 3222 ein
1153 3166 1476 3238 Wortspiel
1524 3165 1810 3221 zwisehen
1845 3163 2162 3236 profectum
2211 3163 2322 3218 und
2358 3163 2668 3233 proditum,
2730 3166 2839 3220 und
2869 3168 3041 3240 jones

430 3256 584 3310 steht
620 3253 712 3310 ffir
747 3256 1003 3323 missum,
1059 3254 1176 3310 scil.
1226 3271 1262 3309 a
1297 3259 1475 3325 patre.
1569 3255 1642 3308 20
1693 3268 1863 3307 verus
1898 3252 1963 3307 A.
2060 3255 2131 3305 22
2186 3253 2433 3323 genitum
2471 3254 2530 3307 B.
2625 3254 2697 3310 28
2750 3254 2943 3326 gloria
2976 3259 3043 3314 A.

428 3344 667 3399 33-36
703 3341 893 3399 fehlen
930 3343 989 3397 iu
1025 3347 1088 3402 A.

608 3479 673 3534 V.
712 3484 759 3535 5.
814 3481 1059 3537 oracula.
1112 3481 1264 3553 Lege
1300 3480 1482 3537 libros
1521 3497 1712 3536 omnes
1747 3482 2130 3552 propheticos,
2167 3498 2278 3537 non
2305 3481 2595 3537 intellecto
2624 3482 2866 3552 Christo,
2905 3483 3041 3554 quid

426 3573 543 3623 tam
597 3567 894 3638 insipidum
948 3573 1005 3622 et
1058 3565 1271 3623 fatuum
1317 3568 1609 3623 invenies?
1663 3568 1921 3641 intellige
1977 3569 2056 3626 ibi
2105 3570 2411 3638 Christum,
2466 3586 2580 3625 non
2635 3571 2814 3626 solum
2868 3573 3036 3644 sapit,
3157 3575 3159 3630 ἱ

426 3657 581 3727 quod
616 3656 780 3728 legiS,
821 3656 921 3711 sed
959 3656 1126 3711 etiam
1163 3656 1418 3713 inebriat.
1476 3658 1741 3727 Any-nstin.
1778 3658 1835 3712 in
1874 3675 2072 3731 evang.
2109 3659 2235 3714 Joh.
2272 3660 2323 3727 1,
2360 3659 2406 3711 9.
2461 3659 2494 3724 S
2530 3659 2579 3712 3.

604 3760 671 3816 V.
708 3765 755 3815 7.
811 3761 1059 3816 redemit.
1110 3760 1238 3833 Vgl.
1267 3762 1372 3817 No.
1398 3765 1487 3832 25,
1516 3763 1600 3817 85.
1672 3762 1831 3817 Naeh
1867 3762 2076 3817 diesem
2104 3761 2352 3835 Begriffe
2387 3763 2535 3817 wird
2566 3762 2822 3818 Christus
2859 3764 3034 3819 achon

440 3848 530 3904 bei
567 3849 672 3903 den
710 3849 863 3904 alten
892 3850 1575 3906 Kirchenschriftstellern
1612 3851 1712 3906 mit
1739 3852 1916 3907 einem
1944 3850 2257 3907 Kaufmann
2284 3852 2628 3924 vergliehen.
2680 3849 2769 3904 Ad
2805 3855 3033 3906 nostras

424 3953 639 3995 meroes
676 3945 958 3995 mereator
992 3940 1089 3993 ille
1128 3941 1428 3996 deseendit.
1480 3944 1749 4012 Anqustim'
1783 3957 1944 3995 serm.
1984 3943 2114 4012 130,
2151 3945 2230 4009 2.,
2279 3939 2527 3994 welcher
2563 3937 2682 3992 dies
2721 3936 3029 3992 Gleiohniss

426 4029 573 4083 noch
608 4027 812 4083 weiter
848 4025 1117 4082 ausffihrt.
1190 4028 1265 4083 Er
1318 4028 1660 4083 wiederholt
1708 4028 1861 4083 diese
1899 4028 2322 4100 Vergleiehung
2369 4027 2425 4081 in
2463 4041 2661 4097 evang.
2688 4024 2818 4080 Joh.
2854 4027 2904 4093 3,
2942 4026 3024 4079 13.

423 4116 459 4181 S
516 4118 595 4170 14.
661 4116 818 4185 emit,
859 4116 955 4171 ubi
1001 4117 1238 4186 pretium
1287 4117 1453 4172 dedit.
1535 4134 1648 4173 non
1698 4117 1875 4173 tacuit
1922 4118 1979 4172 in
2034 4113 2368 4173 commercio
2423 4128 2552 4179 suo,
2620 4111 2752 4182 quid
2806 4110 3027 4181 emerit;

422 4200 561 4256 feeit
608 4203 846 4260 tabulas,
919 4203 1208 4260 Tertzdlian.
1258 4204 1327 4259 de
1377 4202 1517 4277 fuga
1555 4208 1637 4259 12.
1686 4206 1778 4261 sol
1825 4206 1996 4262 cessit
2044 4207 2189 4262 diem
2236 4199 2535 4272 emptionis
2582 4202 2823 4268 nostroe3
2882 4198 3029 4268 apud

418 4286 639 4344 inferos
688 4292 1059 4361 emancipatio
1106 4296 1303 4346 nostra
1352 4299 1440 4347 est
1479 4299 1538 4348 et
1575 4292 1868 4363 stipulatio
1906 4300 2103 4350 nostra
2138 4294 2197 4347 in
2233 4287 2403 4343 caelis·
2470 4284 2726 4340 dominus
2763 4285 3029 4340 Virtutum

420 4375 701 4431 hominem
736 4378 804 4432 de
832 4379 1018 4448 terris,
1052 4379 1218 4434 immo
1255 4380 1328 4436 ah
1365 4378 1581 4450 inferis,
1616 4387 1897 4437 mercatus
1932 4383 1989 4436 in
2027 4381 2214 4436 caelos·
2248 4410 2311 4419 -
2353 4375 2562 4432 unicus.
2598 4376 2805 4445 Auyust.
2843 4390 3028 4432 sermo

426 4466 516 4534 30,
545 4466 592 4519 5.
647 4465 756 4521 hoc
811 4473 898 4522 est
945 4467 1265 4523 christianae
1313 4464 1447 4523 fidei
1494 4466 1935 4526 fundamentum:
1997 4484 2139 4522 unus
2188 4470 2246 4522 et
2300 4481 2454 4520 unuS.
2516 4480 2658 4518 unus
2694 4462 2890 4530 homo,
2924 4475 3028 4533 per
3056 4503 3088 4518 s
3155 4453 3156 4502 Ὺ

419 4568 584 4623 quem
619 4553 797 4621 ruina,
833 4554 976 4609 alius
1012 4556 1196 4623 homo,
1236 4572 1338 4626 per
1374 4572 1534 4628 quem
1562 4561 1861 4624 structura,
1896 4571 1999 4625 per
2025 4554 2184 4608 illum
2211 4553 2390 4620 ruina,
2427 4567 2530 4623 per
2558 4552 2702 4605 hunc
2731 4554 3026 4604 structura.

425 4640 644 4711 cecidit,
681 4641 775 4712 qui
811 4657 921 4696 non
957 4643 1175 4711 mansit,
1211 4644 1397 4716 erigit,
1434 4644 1530 4715 qui
1564 4660 1679 4698 non
1715 4642 1929 4699 cecidit.
1992 4642 2108 4699 ruit
2141 4641 2256 4712 ille,
2294 4640 2426 4714 quia
2459 4638 2668 4697 dimisit
2700 4642 3026 4708 manentem,

416 4744 649 4786 manens
684 4730 782 4785 ille
833 4730 1120 4789 deseendit
1155 4731 1232 4787 ad
1258 4733 1559 4807 jacentem.
