3159 5259
818 695 997 772 312.
1074 695 1196 771 De
1245 699 1540 798 proprio
1594 696 1854 799 angelo
1908 700 2155 773 oratio.

176 873 387 948 Salve
432 880 523 945 mi
565 881 867 964 angelice
1426 960 1431 964 ,
1543 881 1790 954 Preces
1835 902 1962 972 pro
2005 905 2112 952 me
2155 889 2460 976 porrige,

264 980 535 1064 spiritus
579 984 804 1066 beate,
1629 988 1850 1056 excita
1892 997 2291 1077 torpentem,

172 1090 249 1149 tu
292 1083 457 1148 lucis
499 1085 789 1150 uranioae
1542 1089 1959 1156 oberrantem
2002 1094 2264 1177 corrige
2281 1140 2302 1178 ‚
2718 1094 2810 1159 3⁵

262 1185 497 1269 plenus
542 1186 868 1271 claritate,
1631 1192 1817 1274 erige
1863 1192 2191 1259 labentem
2206 1242 2225 1278 ,

175 1288 287 1371 qui
320 1287 617 1373 jocunda
648 1290 888 1356 firueris
1395 1292 1437 1356 5
1538 1295 1835 1380 pristina,
1876 1296 2231 1380 praesentia

202 1465 227 1478 ⁶
265 1391 374 1458 dei
415 1393 701 1476 visione,
1628 1396 1887 1483 penitus
1933 1399 2180 1483 evelle,

172 1500 245 1562 et
284 1494 586 1579 perfecta
626 1493 921 1579 pasceris
1356 1565 1363 1570 ,
1538 1499 1807 1582 mentis,
1852 1500 2101 1584 carnis,
2143 1500 2302 1570 vitia

263 1596 716 1665 delectatione.
1205 1629 1211 1636 ·
1628 1607 1700 1666 et
1740 1600 1958 1667 futura
1992 1603 2191 1686 pelle.
2710 1607 2798 1674 4⁰

168 1774 339 1843 Dum
382 1779 704 1862 superbos
747 1777 1016 1863 spiritus
1538 1778 1902 1849 consolare
1921 1832 1939 1866 ‚
1982 1784 2275 1870 respice,

261 1881 526 1946 abstulit
568 1883 757 1948 ruina
770 1928 790 1966 ‚
1348 1883 1435 1948 10
1625 1885 1857 1950 refove
1898 1894 2263 1968 gementem
2277 1935 2297 1969 ,

168 1990 240 2048 te
284 1983 578 2048 servavit
621 1984 875 2050 eoelitus
1530 2007 1751 2078 purga
1764 2038 1781 2073 ,
1825 1990 2063 2076 lustra,
2108 1991 2358 2077 perfice

258 2087 477 2169 gratia
520 2085 747 2153 divina
1623 2100 1693 2156 et
1733 2093 2059 2160 inflamma
2099 2104 2410 2180 mentem,

165 2196 241 2255 et
281 2190 521 2256 virtute
564 2190 785 2256 stabili
1046 2264 1059 2276 ,
1520 2193 1723 2281 juva,
1775 2197 1939 2265 doce
1952 2246 1971 2283 ‚
2013 2199 2216 2267 incita
2706 2205 2796 2274 45

254 2293 419 2359 mire
452 2293 599 2377 jam
639 2293 865 2360 beavit
1618 2300 1708 2366 ad
1750 2301 1936 2367 actus
1979 2301 2272 2386 virtutis,

171 2403 244 2462 et
288 2396 624 2462 custodem
668 2395 892 2480 fragili
1344 2398 1427 2463 15
1528 2402 1636 2468 fer
1676 2403 1746 2472 in
1789 2403 1946 2470 vitae
1989 2405 2221 2470 semita

257 2499 414 2564 mihi
459 2499 815 2584 deputavit.
1126 2550 1137 2561 .
1318 2575 1327 2585 ‚
1617 2522 1943 2591 prospera
1985 2506 2234 2573 salutis.

166 2680 396 2750 Flexis
442 2698 605 2763 ergo
649 2683 927 2765 genibus
1529 2680 1819 2752 Gratiam
1866 2683 2163 2750 obtineas
2180 2731 2200 2769 ‚

256 2801 537 2867 cernuus
577 2782 832 2848 honoro
851 2829 871 2865 ‚
1614 2786 1873 2849 veniam
1916 2787 2192 2869 petenti,
2703 2789 2792 2855 50

164 2885 443 2951 elevatis
488 2885 815 2966 manibus,
1406 2934 1417 2944 .
1527 2903 1791 2969 semper
1833 2894 1907 2952 ut
1952 2887 2372 2971 congaudeas

255 2989 539 3073 supplex
582 2996 649 3053 te
693 2988 1005 3073 imploro,
1337 2986 1424 3052 20
1611 2989 1771 3054 mihi
1813 2990 2154 3073 poenitenti
2169 3035 2189 3072 ,

166 3099 239 3157 ut
282 3091 408 3156 hac
454 3091 561 3156 die
597 3091 853 3175 jugiter
1525 3091 1626 3158 sic
1668 3092 1839 3159 hanc
1879 3095 2080 3158 vitam
2120 3111 2440 3178 peragam

249 3193 407 3259 mihi
449 3193 543 3257 sis
586 3192 925 3276 defensor,
1613 3213 1873 3279 semper
1914 3196 2184 3279 placens
2229 3196 2391 3281 de0‚

160 3315 248 3362 ne
292 3296 613 3380 malignus
659 3297 959 3378 nequiter
1062 3302 1069 3308 '
1524 3315 1677 3363 mea
1721 3296 2049 3363 desideria
2698 3305 2786 3367 55

251 3407 488 3465 noceat
533 3398 837 3466 offensor.
1613 3407 1849 3467 cuneta
1894 3400 2026 3466 sint
2064 3399 2132 3468 in
2177 3418 2277 3469 eo,

160 3577 422 3665 Corpus
467 3600 509 3646 a
549 3581 859 3666 periculis
1332 3581 1418 3647 25
1522 3579 1710 3649 Hora
1751 3581 1978 3648 mortis
2020 3602 2309 3671 propera

248 3705 373 3770 per
416 3692 483 3752 te
527 3692 812 3771 tueatur,
1607 3704 1713 3750 me
1758 3685 2207 3753 consolaturus

160 3808 207 3855 a
247 3789 509 3874 peccati
551 3787 823 3853 maculis
1522 3794 1592 3853 et
1634 3789 1718 3852 ab
1761 3787 1952 3852 hoste
2000 3788 2209 3854 libera

246 3910 431 3958 mens
475 3889 907 3970 custodiatur,
1607 3898 1821 3958 tecum
1864 3892 2298 3975 perducturus
2692 3894 2776 3960 60

157 3993 331 4059 omni
374 3992 523 4058 loco
535 4039 556 4075 ‚
599 3999 897 4076 tempore
1519 3992 1610 4060 ad
1653 3994 1800 4059 coeli
1843 3995 2121 4078 palatia,

244 4113 350 4160 me
394 4096 478 4161 ab
526 4094 718 4158 hoste
760 4102 954 4177 tege,
1076 4135 1085 4143 ·
1329 4093 1415 4159 30
1605 4096 1719 4161 ubi
1760 4097 1900 4162 sine
1944 4095 2076 4160 fine

154 4198 390 4281 corde,
437 4214 555 4263 ore
568 4242 588 4279 ,
633 4214 839 4280 opere
1515 4215 1684 4263 vera
1726 4207 1874 4264 sunt
1919 4200 2156 4266 solatia

244 4310 316 4369 et
357 4303 425 4366 in
472 4309 619 4367 actu
663 4321 845 4386 rege.
1603 4300 1964 4385 laudesque
2013 4301 2270 4368 divinae.

338 4485 434 4542 Hs.
469 4503 543 4542 zu
574 4485 878 4556 munchen,
914 4484 1051 4544 Olm-
1086 4484 1245 4542 3012.
1293 4481 1398 4542 fol.
1429 4486 1514 4541 44.
1566 4486 1634 4540 15
1668 4485 1866 4541 Jahrb.

337 4606 401 4663 v.
440 4610 488 4662 1.
523 4610 575 4662 2.
625 4607 823 4664 nauh.
857 4609 912 4677 4,
944 4609 996 4662 e.
1034 4609 1119 4678 ιε,
1156 4610 1240 4665 10.
1273 4608 1445 4665 nobe.
1484 4612 1535 4679 1,
1561 4610 1647 4664 ιι.
1720 4605 1941 4679 oreqor.
1978 4609 2047 4664 Μ.
2083 4607 2285 4665 moral.
2310 4611 2365 4677 2,
2399 4607 2453 4662 3.
2485 4591 2771 4679 qnomodo

142 4694 351 4770 angeli
385 4698 485 4753 aut
518 4710 742 4768 semper
777 4695 887 4753 deo
922 4696 1193 4755 mistero
1226 4696 1461 4768 (Daniel
1486 4699 1542 4772 ⁷,
1567 4698 1686 4771 10),
1720 4702 1820 4754 ant
1854 4695 2053 4754 videre
2088 4711 2309 4772 semper
2343 4693 2554 4754 faciem
2586 4696 2774 4769 patris
