3159 5259
3155 253 3159 294 ⁴

2643 310 2780 377 m
3158 297 3159 324 κ

348 493 418 549 V.
452 495 541 551 63.
588 498 707 552 Per
738 494 1052 567 quindecim
1084 493 1548 551 anabathmorum
1580 493 1832 565 psalmos
1857 491 2162 550 Davidicos
2175 490 2615 565 significabatur
2636 501 2776 556 vob

164 585 335 638 turus
371 581 466 637 sol
489 581 751 655 justiti»,
789 582 887 654 qui
918 581 1133 654 gradus
1168 580 1483 653 quindecim
1514 579 1729 636 veteris
1764 584 1825 635 et
1859 579 1995 634 novi
2021 579 2341 636 testamenti
2363 579 2777 638 illuminaturus

166 673 327 725 esset
376 670 700 739 praesentiae
748 684 868 725 suae
917 668 1122 724 lumine
1136 707 1152 738 ,
1214 668 1417 740 quibus
1451 671 1653 724 nostra
1684 663 1826 723 fides
1872 664 1949 722 ad
1993 665 2169 722 vitam
2202 665 2457 724 ascendit
2489 670 2776 724 aeternam.

164 755 406 812 Amores·
440 755 603 825 epist.
639 755 709 810 cl.
746 758 798 810 1.
831 772 917 826 ep.
943 755 1030 809 26.

345 842 411 896 V.
446 843 532 897 66.
584 841 765 899 millia
812 846 1136 897 sanctorum
1178 840 1237 895 in
1282 834 1594 911 refrigerio
1640 841 1796 908 suut,
1860 836 2173 894 laetantium
2209 839 2271 894 et
2304 836 2606 893 dicentium
2639 836 2778 894 dccx

169 929 397 1001 gratias
432 929 535 985 tibi
554 968 569 997 ,
623 930 755 999 quia
787 945 895 984 nos
930 945 966 985 a
1001 928 1189 984 carnis
1223 927 1500 985 molestiis
1536 931 1598 983 et
1632 925 1928 985 tormentis
1962 925 2176 982 eruisti.
2244 925 2509 996 Aequa-vein.
2543 922 2613 980 de
2646 922 2774 980 urb.

165 1016 343 1074 excid.
378 1017 430 1071 c.
475 1015 534 1074 s.
568 1016 675 1074 No.
707 1018 831 1086 292,
869 1019 917 1071 1.
1002 1015 1006 1019 *

771 1337 945 1411 288.
1013 1335 1288 1409 Versus
1341 1333 1430 1408 de
1483 1345 1887 1434 contemptu
1932 1330 2194 1405 mundi.

165 1537 416 1607 Audax
461 1557 560 1623 es,
606 1540 709 1604 vir
743 1538 1039 1624 juvenis,

167 1644 322 1709 dum
368 1643 582 1708 fervet
626 1660 781 1709 caro
827 1642 1118 1728 mobilis,

167 1746 490 1812 audenter
532 1747 676 1829 agis
719 1765 1100 1831 perperam,

167 1857 285 1914 tua
325 1851 617 1914 membra
660 1849 1053 1931 coinquinas,

256 1971 506 2035 attende
547 1969 759 2052 homo,
819 1971 981 2051 quod
1013 1968 1222 2052 pulvis
1274 1966 1424 2054 (es)

344 2076 407 2136 et
445 2073 514 2136 in
550 2070 873 2154 pulverem
914 2075 1264 2138 reverteris.

162 2229 404 2299 Brevis
449 2238 552 2296 est
595 2239 875 2316 tempuS,
917 2231 1213 2317 juvenis,
1380 2233 1420 2296 5

159 2331 541 2419 perpende,
587 2331 761 2414 quod
803 2331 1129 2418 morieriS,

161 2439 474 2522 venitque
520 2434 661 2502 dies
704 2436 963 2502 ultimus

159 2547 232 2606 et
271 2538 518 2625 perdes
560 2536 758 2604 flores
797 2539 1092 2623 optimos
1140 2543 1400 2608 attende.

164 2703 371 2771 Carni
412 2687 545 2767 tuae
591 2703 987 2787 consenties,

165 2807 445 2872 animam
490 2809 665 2866 tuam
710 2802 989 2887 decipis,
1338 2807 1421 2868 1⁰

167 2909 325 2974 dum
368 2906 651 2972 flecteris
696 2906 780 2971 ad
826 2906 1184 2991 libidinem,

165 3010 339 3077 male
385 3008 695 3091 deceptus
739 3026 1101 3091 permanes.
1168 3011 1274 3075 att.
1312 3011 1420 3075 etc.

166 3169 416 3240 Dentes
458 3170 552 3235 tui
593 3168 939 3235 fremidant

167 3284 237 3343 et
280 3275 455 3340 labia
497 3282 610 3339 tua
655 3283 1075 3359 exasperant,

165 3378 394 3461 lingua
435 3377 608 3442 mala
653 3387 960 3462 generat,
1338 3380 1420 3443 15

65 3528 69 3532 -
164 3482 236 3548 in
281 3490 393 3546 tua
434 3481 572 3545 vita
615 3479 924 3564 trepidas,

161 3640 452 3712 Elevans
494 3649 639 3707 tuos
686 3642 944 3727 oculoS,

161 3753 238 3810 ut
283 3744 635 3808 vanitatem
677 3743 939 3829 videaS,

160 3848 463 3914 flectetur
505 3867 687 3913 mens
731 3850 999 3933 misera,

162 3956 453 4019 membra
497 3953 582 4017 ad
624 3954 862 4019 malum
904 3954 1123 4037 erigis,
1327 3952 1415 4016 20

162 4111 411 4179 Fecisti
452 4115 690 4179 malum
735 4116 1069 4180 consilium

164 4224 234 4280 et
279 4207 603 4280 offendisti
647 4216 937 4300 nimium,

164 4320 316 4401 quia
359 4319 623 4383 multum
667 4327 925 4383 secutus
971 4338 1043 4384 es

166 4440 452 4486 amorem
500 4430 566 4487 et
608 4422 952 4487 libidinem.

168 4579 453 4648 Gloriam
495 4585 734 4666 quaeris
776 4586 844 4649 in
886 4587 1151 4671 popule,
1326 4589 1411 4652 25

158 4683 422 4752 laudem
464 4688 808 4755 humanam
853 4689 1100 4776 diligis,

1524 1542 1791 1625 placere
1836 1538 1964 1603 deo
2006 1555 2134 1603 non
2181 1537 2362 1619 cupis
2377 1584 2395 1620 ,

1525 1642 1638 1725 qui
1677 1649 1745 1705 te
1789 1639 1873 1704 de
1917 1639 2085 1704 coelo
2130 1638 2462 1722 conspicit.

1524 1836 1856 1905 Honorem
1901 1834 2275 1900 transitorie

1524 1940 1994 2025 praesumpsisti
2041 1940 2371 2022 accipere,
2688 1938 2775 2004 30

1524 2044 1645 2108 sed
1688 2043 1900 2127 major
1940 2062 2137 2128 poena
2180 2042 2503 2125 sequitur,

1525 2148 1631 2213 cui
1671 2146 1927 2233 majora
1973 2145 2274 2211 creditur.

1521 2343 1600 2414 In
1642 2351 1884 2410 terram
1929 2362 2188 2429 semper
2231 2341 2505 2427 aspicis,

1523 2453 1786 2533 semper
1829 2448 1912 2512 de
1957 2455 2137 2514 terra
2181 2447 2465 2531 cogitas,

1522 2550 1645 2615 sed
1687 2549 1796 2614 hic
1837 2549 2145 2633 relinquis
2191 2549 2435 2632 omnia,
2604 2611 2610 2616 .
2688 2551 2773 2615 35

1521 2653 1695 2721 unde
1741 2656 2060 2738 superbus
2105 2653 2445 2722 ambulas?

1524 2839 1705 2906 Karo
1750 2848 1817 2904 te
1859 2839 2059 2903 traxit
2099 2840 2167 2903 in
2212 2839 2502 2923 foveam,

1525 2941 1710 3023 vide,
1753 2961 1837 3005 ne
1879 2941 2086 3005 malus
2131 2940 2456 3022 moriaris;

1524 3042 1762 3109 festina
1804 3051 1871 3107 te
1916 3042 2281 3122 corrigere,
2446 3094 2450 3098 .

1524 3153 1870 3228 antequam
1911 3144 2062 3208 finis
2104 3142 2343 3207 veniet.
2685 3140 2773 3206 4⁰

1521 3348 1711 3435 Luge
1756 3349 1980 3435 modo,
2028 3349 2178 3414 dum
2220 3356 2473 3432 tempus
2520 3353 2650 3431 est,

1522 3474 1606 3520 ne
1651 3472 1876 3538 gemas
1918 3455 1986 3517 in
2022 3451 2303 3538 judicio,

1520 3559 1634 3624 ubi
1676 3576 1807 3624 non
1849 3558 2028 3624 valet
2069 3557 2379 3641 gemitus,

1519 3681 1646 3728 nec
1688 3661 1864 3728 nulla
1905 3661 2303 3740 intercessio.

1519 3870 1721 3936 Modo
1765 3869 1996 3936 labora
2040 3869 2325 3950 sortiter,
2687 3866 2771 3930 45
2835 3951 2844 3960 ἱ

1520 3972 1671 4038 dum
1717 3991 1789 4035 es
1831 3974 1899 4037 in
1942 3974 2070 4036 isto
2113 3986 2425 4053 corpore,

1520 4074 1795 4139 emenda
1837 4081 2012 4139 tuum
2056 4073 2311 4155 vitium,

1518 4197 1604 4242 ne
1649 4196 1873 4260 gemas
1917 4178 1984 4241 in
2025 4182 2427 4262 perpetuum.

1517 4382 1667 4448 Non
1710 4389 1776 4447 te
1819 4380 2084 4464 frangat
2127 4377 2447 4461 cupiditas
2464 4427 2485 4463 ,

1515 4504 1642 4551 nec
1685 4491 1752 4548 te
1794 4482 2016 4548 flectat
2060 4482 2410 4566 cupiditas,

1516 4593 1587 4652 et
1628 4587 1763 4654 noli
1806 4605 1951 4652 cum
1996 4586 2259 4652 diabulo
2686 4482 2770 4547 5⁰
3151 4405 3159 4934 Ι

1515 4691 1914 4778 participare
1958 4691 2265 4777 amplius.
2823 4621 3088 4836 Ι
