3159 5259
302 212 447 285 m

495 394 562 450 V.
600 396 719 451 13³.
777 394 905 466 Vgl.
953 394 1059 449 No.
1093 395 1163 451 25
1211 392 1270 449 S.
1304 394 1390 448 33.
1454 392 1758 455 Senectute
1805 391 2030 447 hmani
2076 390 2306 463 generis
2352 391 2609 449 deminus
2644 400 2844 452 nester
2880 401 2950 455 et

280 510 286 514 ·
315 489 546 543 creator
581 481 747 539 nobis
784 487 845 537 et
878 485 1181 552 reparator
1215 479 1478 549 advenit,
1542 484 1606 534 ut
1638 479 1913 535 moriente
1949 477 2168 535 scilicet
2215 484 2413 535 vetere
2448 481 2671 536 homine
2725 499 2946 541 novum

313 576 375 635 iu
426 589 493 628 se
542 571 943 639 constitueret,
999 585 1163 639 quem
1213 574 1437 623 exutum
1484 567 1616 623 labe
1663 571 1895 623 terrena
1945 566 2005 620 in
2056 564 2313 621 eoelestia
2355 582 2537 638 regna
2583 567 2945 625 transferret.

318 664 583 732 Auqtestin.
621 657 732 712 div.
766 661 964 727 quaest.
999 657 1085 724 64,
1120 659 1175 710 2.

494 746 565 801 V.
600 745 781 801 136-
797 745 885 801 39.
937 743 1156 813 Greqor.
1191 742 1321 799 Nos.
1377 747 1523 798 orat.
1557 744 1630 796 23
1684 757 1738 811 p
1774 742 1898 795 410.
1953 740 2113 798 redet
2166 741 2276 797 den
2328 742 2641 815 glaubigen
2676 746 2829 802 Hero
2879 747 2943 802 in

318 835 477 895 einer
510 833 751 905 Prodigt
785 848 853 887 so
889 847 989 887 an:
1028 851 1125 902 στη
1103 830 1203 887 θι
1237 829 1344 887 τῶν
1381 828 1540 906 ἱερῶν
1575 831 1819 900 πλησίον,
1857 832 1950 885 καὶ
1984 827 2084 900 τῆς
2117 828 2385 901 μυστικῆς
2419 828 2616 903 ταύτης
2650 837 2936 909 τραπέζης,

319 921 501 997 κᾷμοῦ
536 919 635 977 τοῦ
674 918 768 974 διὰ
803 915 1007 974 τούτων
1041 917 1534 993 μυσταγωγοῦντος
1568 916 1665 988 τὴν
1703 919 1927 972 θέωσιν.
1999 917 2075 972 Es
2118 918 2257 988 geht
2293 916 2500 973 darana
2538 920 2765 989 hervet,
2803 922 2945 978 dass

321 1012 424 1067 der
451 1005 841 1079 Predigtstuhl
876 1006 987 1060 nah
1023 1022 1112 1061 am
1140 1007 1326 1063 Chore
1364 1003 1549 1081 (ἱερὰ)
1589 1003 1770 1073 stand,
1811 1003 1942 1058 dass
1980 1013 2361 1078 μυσταγωγεῖν
2397 1006 2488 1059 die
2523 1007 2706 1062 Messe
2743 1008 2942 1064 halten

319 1097 434 1153 und
469 1098 682 1156 θέωσις
719 1092 806 1147 die
842 1093 1175 1165 Wandlung
1196 1094 1393 1162 'hiess,
1457 1109 1581 1147 was
1630 1092 1732 1146 mit
1780 1091 2035 1162 deificatio
2080 1093 2370 1148 iibersetzt
2419 1093 2579 1148 wird.
2651 1095 2753 1148 Die
2791 1095 2946 1151 Con·

319 1183 607 1239 secration
654 1185 827 1235 neunt
876 1180 1092 1249 (ἕτερον.
1127 1181 1256 1237 Naz.
1307 1184 1449 1237 orat.
1490 1181 1558 1233 19
1610 1195 1661 1250 p.
1697 1182 1817 1234 305.
1865 1179 1936 1234 τὰ
1973 1178 2269 1253 τελούμενα
2318 1182 2431 1237 und
2481 1186 2613 1254 sagt
2661 1199 2776 1236 von
2813 1183 2943 1237 dem

319 1268 744 1326 celebrirentlen
777 1267 1057 1323 Priester:
1115 1267 1352 1324 ἐπειπών
1402 1266 1469 1322 τὰ
1517 1266 1614 1338 τῆς
1660 1263 2014 1343 εὐχαριστίας
2053 1266 2270 1341 ῥήματα
2306 1268 2509 1337 οὕτως,
2566 1266 2640 1333 ὥς
2679 1268 2942 1340 σύνηθες,

318 1363 413 1414 καὶ
458 1357 550 1413 τὸν
598 1354 730 1411 λαὸν
765 1353 1183 1428 κατευλογήσας.
1257 1355 1458 1410 Billius
1494 1355 1752 1409 hemer-kt
1800 1354 1857 1409 in
1895 1355 2085 1410 seiner
2120 1357 2387 1428 Ausgabe
2425 1356 2525 1411 des
2561 1356 2787 1428 Gregor
2821 1372 2943 1411 von

319 1445 567 1501 Nazianz
616 1448 749 1498 tom.
782 1446 836 1512 2,
873 1444 979 1498 686
1028 1443 1144 1513 (ed.
1181 1443 1393 1514 Lips.),
1459 1443 1593 1498 dass
1640 1442 1730 1498 die
1769 1443 2022 1499 Geaazten
2060 1444 2158 1499 des
2194 1443 2535 1500 Abendmals
2582 1444 2675 1498 bei
2711 1444 2944 1514 Gregor

318 1532 514 1602 τύποι,
550 1532 644 1586 bei
679 1531 993 1586 Tertullian
1025 1530 1214 1602 fiquroe
1248 1531 1360 1586 und
1399 1530 1491 1586 bei
1525 1532 1806 1603 Angustia
1840 1536 1989 1602 siqua
2025 1536 2275 1603 genannt
2308 1532 2554 1586 werden.

500 1619 565 1672 V.
606 1619 725 1672 138.
789 1619 1013 1688 Corpus
1067 1624 1375 1673 attrectare
1431 1617 1667 1686 domini,
1732 1618 1880 1672 wir-d
1933 1634 2066 1674 vom
2116 1620 2370 1674 Priester
2423 1624 2657 1691 ἔπαξε,
2721 1617 2833 1673 und
2870 1618 2945 1673 de

320 1707 547 1764 sublimi
581 1707 715 1761 loco
751 1707 1148 1761 eucharistiam
1182 1708 1503 1761 ministrare
1540 1706 1770 1777 populo.
1843 1707 2056 1763 Hieron.
2093 1707 2216 1762 adv.
2251 1704 2428 1763 Lucis.
2463 1710 2515 1760 3.

496 1795 563 1848 V.
599 1796 781 1847 140-
799 1796 883 1849 43.
929 1795 1188 1850 Christus
1228 1794 1463 1865 primum
1501 1798 1911 1849 sacramentnm
1948 1794 2208 1866 corporis
2244 1799 2305 1850 et
2340 1792 2629 1865 sanguinis
2666 1793 2756 1847 sui
2790 1806 2950 1848 eom-

318 1884 559 1940 munitet
594 1881 849 1936 omnibus
885 1881 1165 1952 apostolis
1202 1882 1368 1936 dedit.
1439 1883 1710 1952 Anqustini
1744 1882 1902 1952 epist.
1946 1884 2154 1951 44,10.

491 1971 557 2024 V.
596 1972 714 2024 144.
768 1968 938 2038 Legis
987 1968 1078 2025 dei
1125 1969 1329 2040 regula
1378 1966 1453 2023 ist
1489 1969 1579 2023 die
1616 1970 1821 2041 regula
1855 1966 1999 2025 fidei.
2054 1968 2112 2026 S.
2147 1968 2254 2025 No.
2289 1972 2338 2024 2
2376 1970 2423 2024 9.
2493 1968 2607 2025 Der
2640 1966 2946 2023 Ausdruck

316 2059 531 2115 kommt
564 2058 625 2111 in
662 2058 930 2127 spateren
965 2055 1204 2113 Liedern
1239 2055 1393 2111 nient
1429 2053 1518 2113 oft
1553 2072 1677 2113 vor.

1015 2340 1188 2412 202.
1257 2340 1346 2411 ln
1408 2337 1523 2410 die
1579 2341 1899 2441 corporis
1955 2336 2244 2412 Christi.

553 2553 629 2622 in
681 2575 969 2650 egressu
1021 2549 1351 2623 ecclesiae.

315 2702 805 2773 Ascendentem
834 2702 1158 2769 Christum
1187 2703 1269 2766 de
1298 2702 1425 2767 hae
1451 2702 1571 2767 mi-

1012 2807 1186 2871 seria

314 2931 789 2999 prosequamur
816 2931 938 2995 per
973 2917 1201 2975 sancta
1228 2909 1572 2990 desideria,

308 3016 498 3081 vadit
543 3033 733 3080 orare
771 3032 894 3097 pro
940 3013 1127 3078 nobis
1171 3014 1236 3077 in
1279 3015 1526 3096 patria,

314 3139 583 3185 manens
628 3118 842 3203 pascit
885 3135 1006 3182 nos
1052 3116 1461 3182 eucharistia.

812 3336 1080 3383 versus.

313 3480 439 3546 per
496 3479 685 3542 quem
756 3461 888 3524 tale
946 3462 1135 3525 nobis
1194 3458 1412 3523 datum
1470 3466 1570 3524 est

1006 3563 1425 3646 promissum:
1529 3564 1567 3625 5

684 3683 943 3747 semper
1032 3682 1372 3727 mansurus
1447 3682 1569 3729 vo-

1005 3769 1269 3836 biscum.
1288 3765 1323 3801 “

313 3717 352 3753 „
370 3666 545 3732 vado
564 3715 582 3750 ,

306 3945 382 4015 in
408 3942 645 4043 prima
675 3942 993 4013 statione.
1026 3940 1568 4036 responsorium

306 4094 483 4160 Vere
528 4092 783 4178 Joseph
828 4093 1044 4159 tunica

391 4200 552 4262 mire
595 4200 919 4286 polimita,

302 4302 609 4384 passione
653 4306 891 4388 punica

389 4404 577 4468 nobis
621 4405 948 4488 redimita3
1478 4402 1559 4465 10

301 4506 428 4572 hac
470 4507 779 4571 vestimur
823 4510 1013 4573 unica

386 4628 557 4697 nunc
599 4618 665 4675 et
706 4612 844 4698 poli
887 4612 1042 4676 vita.

1743 2553 1820 2623 in
1862 2550 2176 2621 secunda
2214 2550 2530 2621 statione.
2596 2573 2866 2621 vers-ur.

1677 2698 1961 2766 Summae
2005 2707 2196 2785 pater
2245 2700 2513 2783 gloriae,

1766 2822 2005 2888 corpus
2049 2806 2144 2870 tui
2187 2805 2324 2869 nati

1677 2906 1881 2971 vestis
1926 2913 2027 2973 est
2069 2906 2442 2990 munificiae,
2854 2908 2938 2970 15

1764 3028 1894 3091 qua
1939 3027 2157 3075 sumus
2199 3008 2430 3074 renati.

1675 3111 1804 3176 hae
1845 3112 2160 3179 vestimur
2201 3117 2325 3177 eto.

1674 3310 1751 3377 in
1788 3308 1994 3378 tertia
2019 3307 2335 3377 statione.
2392 3304 2938 3402 responsoriam

1677 3460 1730 3526 Ο
1775 3479 1959 3546 spem
2001 3461 2259 3545 miram,
2308 3479 2500 3543 quam
2544 3458 2658 3525 dat
2701 3458 2899 3527 Jesus

1761 3565 1894 3629 suis
1937 3565 2162 3647 largus
2206 3564 2460 3629 famulis
2475 3612 2494 3649 ‚

1676 3668 1827 3733 olim
1872 3687 2084 3734 eaesus
2127 3688 2299 3734 nuno
2333 3670 2580 3735 illaesus
2841 3668 2933 3730 20

1765 3786 1910 3833 oum
1953 3770 2258 3834 ministris
2295 3772 2581 3853 angeli83

1675 3872 1864 3934 vivus
1907 3879 2123 3937 manet
2170 3876 2463 3956 quamvis
2508 3893 2690 3957 em,

1760 3974 1869 4041 hie
1911 3976 1978 4040 in
2021 3977 2475 4045 tabernaculis.

2170 4170 2435 4218 versu-§⁵0

1667 4294 1931 4363 Invitati
1974 4295 2353 4363 festinemus

1755 4397 1841 4461 ad
1885 4401 2047 4463 tanti
2091 4402 2272 4484 regis
2315 4404 2751 4484 praesentiam,
2839 4407 2934 4469 25

1667 4508 1734 4565 et
1777 4519 1899 4585 pro
1946 4502 2113 4567 datis
2158 4507 2346 4571 nobis
2392 4509 2599 4590 gratis

1754 4605 1876 4672 sibi
1918 4607 2266 4675 reddamus
2312 4611 2608 4695 gloriam.
