3159 5259
328 476 485 562 quid
531 474 898 542 divitiarum
940 472 1333 554 nugacitas-2

330 602 417 648 en
458 577 859 644 Acherontis
903 583 1092 640 tetrae
1376 576 1460 639 7⁰

330 687 631 768 premunt
672 695 794 742 nos
837 675 1063 758 nndae,

327 779 777 865 Phlegetontis
820 777 1046 859 ignitae
1060 824 1079 857 ,

332 883 568 967 Cocyti
610 880 926 945 luctuosae

328 985 671 1051 involvunt
715 997 836 1045 nos
880 998 1113 1064 poenae.

330 1086 528 1171 Stygi
572 1086 702 1149 heu
744 1083 1168 1149 miserabiles·
1377 1085 1460 1146 75

329 1197 807 1278 inmerguntur,

332 1298 415 1363 de
462 1315 591 1382 quo
636 1313 911 1377 surgere

330 1401 508 1470 nulla
545 1400 687 1483 jam
734 1416 889 1482 spes

335 1520 482 1565 esse
527 1493 803 1584 potest.“

221 1664 284 1731 V.
330 1660 663 1729 Ardentes
707 1660 938 1726 animae
1379 1656 1463 1720 80
1562 1663 1563 1666 ’

334 1765 494 1830 flent
543 1764 681 1827 sine
726 1761 890 1844 fine,

338 1867 669 1933 ambulant
710 1886 832 1950 per
875 1865 1181 1930 tenebras

338 1972 685 2054 dicuntque
729 1968 1035 2051 singulae,

338 2094 484 2158 „vae
528 2093 634 2138 vae
680 2090 816 2153 vae,
865 2075 1127 2152 quantae

342 2184 491 2242 sunt
535 2169 897 2241 tenebrae!“
1381 2170 1465 2235 85

224 2342 286 2408 V.
329 2339 534 2422 Deus,
580 2337 718 2401 vita
751 2334 1132 2418 viventium,

334 2461 488 2527 spes
540 2440 946 2505 morientium

335 2546 639 2624 salusque
686 2541 963 2605 omnium

333 2649 401 2712 in
445 2656 513 2712 te
555 2645 982 2729 sperantium,

335 2749 648 2814 miserere
693 2745 971 2812 omnium
1318 2787 1325 2792 -
1383 2741 1467 2803 90

337 2872 422 2917 ex
465 2851 592 2916 hac
633 2850 779 2915 luce
825 2843 1252 2928 migrantium.

224 3035 288 3100 V.
334 3030 388 3096 Ο
415 3032 523 3117 pie
552 3028 780 3113 judex,
824 3035 896 3091 tu
932 3024 1250 3109 judicium
1292 3032 1469 3088 tuum

334 3144 516 3201 tanto
568 3140 719 3197 ante
754 3128 1203 3214 pronuntiasti,
1251 3134 1321 3190 tu
1347 3145 1468 3210 pa-

336 3245 516 3302 ratos
574 3250 798 3298 omnes
854 3231 1147 3296 invenire
1210 3227 1468 3292 deside-

337 3342 529 3421 rasti,
601 3335 721 3401 sed
795 3336 947 3418 quia
1015 3349 1171 3399 caro
1232 3348 1470 3413 summ,

336 3443 589 3509 vadens
636 3448 705 3504 et
737 3456 868 3503 non
895 3436 1157 3502 rediens
1185 3435 1470 3519 spiritus,

338 3546 632 3612 inducias
675 3551 821 3607 tuas
837 3589 854 3624 ‚
909 3559 1072 3625 quas
1115 3546 1267 3604 ante
1312 3555 1470 3604 ocu-

276 3667 280 3672 ·
337 3652 441 3717 los
487 3649 704 3716 cordis
759 3664 1018 3730 semper
1061 3643 1307 3710 habere
1353 3641 1471 3706 de-

342 3754 624 3835 buimuS,
697 3748 826 3813 heu
883 3749 1259 3830 frequenter
1304 3744 1471 3810 obli-

338 3858 645 3923 viscimur
657 3875 677 3937 3
763 3852 979 3938 gratia
1061 3859 1274 3917 autem
1357 3857 1472 3913 tua

342 3960 709 4028 commoniti
778 3954 1126 4041 aliquando
1194 3954 1469 4036 ingemi-

340 4066 578 4129 scimus
593 4110 611 4145 ,
681 4070 879 4143 teque
934 4060 1316 4124 clementem
1369 4056 1470 4119 in-

344 4166 575 4231 venire
620 4162 1084 4228 desideramus.

234 4352 297 4421 V.
340 4348 587 4417 Audite
631 4364 802 4410 nunc
844 4349 1178 4429 potentes,

344 4450 744 4536 respondete
790 4447 1056 4529 divites,

347 4558 501 4645 quid
545 4557 733 4622 vobis
778 4553 1032 4621 confert
1039 4600 1059 4635 ,

347 4665 406 4729 si
432 4670 634 4730 totum
663 4659 966 4728 mundum
992 4651 1347 4738 lucremini,
1391 4650 1474 4716 95

1689 472 1843 551 post
1883 471 2157 529 mortem
2199 482 2363 528 vero

1691 569 1963 635 flammis
2011 566 2396 632 damnemini

1690 669 2284 754 inextinguibilibus
2297 668 2335 732 ἓ

1687 792 1822 840 non
1863 771 2016 837 inde
2067 789 2188 836 vos
2232 776 2418 835 eruet
2460 769 2735 856 luxuria,

1693 896 1818 942 nec
1860 875 2163 940 liberabit
2206 873 2518 957 potentia,
2697 875 2825 944 100

1690 997 1815 1044 nec
1827 977 2062 1042 educet
2071 975 2415 1040 satellitum
2426 974 2821 1058 frequentia:

1690 1082 1848 1147 nudi
1890 1080 2023 1145 illic
2068 1098 2149 1144 ac
2190 1078 2470 1144 famelici

1691 1186 1943 1251 stabitis
1986 1184 2217 1268 inopes
2264 1191 2330 1247 et
2371 1183 2608 1248 miseri.

1693 1290 1821 1353 heu
1894 1287 2023 1351 heu
2094 1287 2222 1352 heu
2294 1304 2411 1351 cur
2480 1306 2610 1352 non
2674 1294 2827 1352 ante

2349 1390 2574 1454 oculos

1694 1493 2002 1560 reducitis
2783 1493 2848 1574 5„

1694 1597 1865 1662 diem
1908 1597 2169 1679 longam
2186 1644 2204 1678 ,

1695 1701 1865 1764 diem
1908 1719 2241 1782 magnam,

1697 1804 1867 1868 diem
1913 1807 2245 1884 acerbam,

1698 1907 1867 1972 diem
1914 1906 2189 1989 denique
2233 1904 2616 1971 calamitatis

1698 2016 1762 2073 et
1807 2009 2085 2074 miseriae
2128 2007 2406 2094 plenam.
2744 2003 2825 2068 10

1586 2228 1650 2293 V.
1693 2224 1908 2291 Pensa
1949 2223 2240 2289 mortalis
2258 2271 2277 2306 ‚
2351 2222 2503 2306 quia
2543 2222 2637 2286 nil
2680 2230 2829 2287 sunt

2096 2326 2341 2410 gaudia
2384 2326 2617 2407 carnis,

1698 2449 1845 2515 quae
1875 2430 2159 2513 quisquis
2185 2427 2491 2510 sequitur,
2531 2426 2615 2491 ad
2642 2433 2827 2491 tene-

2094 2533 2248 2599 bras
2275 2532 2546 2616 rapitur.
2604 2529 2684 2598 Ιη
2713 2534 2826 2598 die.

1589 2754 1650 2819 V.
1697 2749 1751 2815 Ο
1800 2769 1991 2836 quam
2035 2750 2178 2814 dira
2216 2748 2505 2815 conditio
2520 2795 2540 2831 ,

1698 2874 1844 2936 quae
1889 2874 1973 2918 ex
2015 2850 2190 2918 Adae
2231 2853 2394 2916 vitio

1697 2976 1818 3023 nos
1845 2955 2183 3042 perdendo
2219 2956 2417 3019 traxit
2441 2951 2828 3038 primordia!

2097 3057 2176 3123 In
2222 3060 2334 3124 die.
2744 3055 2828 3117 15

1588 3255 1649 3319 V.
1693 3250 1992 3317 Pretiosa
2060 3264 2235 3311 mors
2315 3251 2685 3309 sanctorum
2762 3242 2829 3306 in

2092 3354 2448 3432 conspectu
2493 3344 2750 3428 domini,

1704 3474 1895 3541 quam
1921 3453 2178 3533 felices,
2225 3450 2456 3533 quibus
2484 3447 2736 3514 dicetur
2760 3449 2831 3513 in

2097 3556 2205 3620 die
2239 3553 2506 3638 judicii:

1699 3664 1918 3729 venite
1966 3658 2155 3746 [vos]
2201 3658 2560 3740 benedicti,
2625 3654 2832 3740 patris

2096 3765 2324 3832 summi
2369 3763 2513 3827 filii!

1698 3930 1873 4000 Ecce
1901 3929 2089 3995 vobis
2118 3923 2307 3989 trado
2335 3940 2625 4005 regnum,
2654 3919 2830 4004 quod

2105 4027 2264 4093 dare
2309 4026 2613 4110 disposui.

1700 4156 1826 4224 pro
1861 4156 1965 4202 me
1994 4132 2251 4219 quidem
2277 4129 2616 4214 respuistis
2643 4127 2831 4194 blan-

2101 4237 2382 4301 dimenta
2413 4232 2657 4314 saeculi,
2747 4231 2834 4294 20

1704 4340 2067 4429 possidete,
2140 4334 2314 4419 quod
2385 4333 2633 4399 terreni
2703 4349 2836 4399 non

2041 4529 2048 4534 ἱ
2100 4440 2414 4506 videbunt
2459 4436 2646 4504 oculi.

1671 4633 1782 4679 st*
