3159 5259
355 272 484 336 1⁶8

350 455 488 510 aber
525 454 712 509 dieser
744 454 1045 511 Abschnitt
1078 455 1180 511 hat
1211 456 1271 511 in
1308 456 1409 512 der
1444 455 1537 512 Hs.
1573 452 1842 527 folgende
1879 453 2167 525 Strophen
2199 456 2385 524 mehr,
2439 455 2532 511 die
2565 456 2746 511 schoa
2784 454 2969 512 durch

349 541 442 596 ihr
478 540 906 596 verschiedenes
941 540 1236 597 Versmass
1273 542 1394 599 sich
1430 543 1519 600 als
1552 544 1794 601 Zusitze
1833 542 2152 597 veri-athen.

419 628 556 685 Dele
592 629 816 700 culpas,
853 644 991 699 quas
1028 629 1320 700 gressibus
1776 628 2019 684 Semitas
2055 644 2207 683 meas
2246 628 2463 699 dirige,

420 716 675 772 commisi
710 721 768 771 et
792 718 812 753 ¹
849 713 1143 771 affectibus
1165 758 1182 786 ,
1455 718 1466 729 “
1777 713 2016 771 affectus
2050 715 2109 768 in
2146 720 2203 769 te
2239 715 2427 787 erige,

422 804 622 874 quibus
658 803 914 875 graviter
949 804 1183 874 peccavi
1201 844 1216 873 ,
1777 799 1872 858 fac
1907 819 1993 857 me
2022 803 2242 875 jugiter
2276 819 2380 873 per
2406 804 2532 873 pias

418 906 455 945 a
489 896 547 946 te
586 889 757 944 miser
793 890 1118 961 apostatavi
1776 903 2005 944 currere
2040 887 2307 945 virtutum
2341 889 2464 944 vias
2485 930 2501 959 ,

489 974 766 1031 recedens
803 991 840 1030 a
874 981 932 1031 te
966 974 1213 1048 longius.
1844 980 1902 1029 te
1937 991 2190 1047 quoerere
2227 971 2556 1031 ferventius.

531 1098 556 1135 ¹
589 1101 650 1153 et
683 1094 828 1152 fehlt
863 1097 921 1152 in
957 1097 1060 1152 der
1093 1097 1187 1153 Hs.

526 1254 627 1310 Ad
675 1270 760 1326 ge
779 1270 927 1309 nna.
995 1253 1193 1309 Dieser
1227 1251 1526 1307 Abschnitt
1577 1252 1679 1308 hat
1726 1252 1868 1307 auch
1915 1266 2005 1306 ain
2038 1249 2191 1307 Ende
2238 1253 2590 1325 ungehiirige
2626 1253 2873 1311 zasatse
2909 1256 2970 1311 in

355 1344 456 1400 der
491 1344 585 1401 Hs.
600 1384 615 1413 ‚
653 1343 823 1399 deren
857 1343 1154 1398 Versmass
1190 1340 1303 1396 und
1338 1339 1478 1397 Sinn
1514 1338 1832 1397 verdorben
1866 1338 1969 1408 ist,
2023 1337 2279 1393 wesbalb
2316 1339 2410 1394 ich
2445 1356 2552 1395 nur
2588 1340 2697 1397 den
2731 1340 2971 1418 Anfang

352 1434 778 1580 multibissziullis
816 1520 1030 1577 Christi
1063 1519 1208 1574 latet
1780 1519 1839 1569 et
1872 1513 1987 1568 vim
2021 1528 2238 1567 omnem
2274 1513 2580 1568 amiserunt

424 1607 622 1676 dolor,
659 1606 754 1678 qui
789 1606 1028 1661 devotus
1050 1605 1073 1640 ²
1107 1607 1294 1675 patet,
1848 1607 2258 1657 marcescentes
2295 1600 2352 1655 in
2390 1602 2630 1656 ossibus.

495 1693 554 1748 in
587 1694 717 1764 ipso
754 1695 1023 1747 aruerunt

538 1814 562 1852 ²
600 1814 799 1870 besser
836 1813 1074 1868 devotis.

532 1969 628 2025 Ad
662 1983 912 2024 manus.
986 1967 1188 2022 Dieser
1221 1983 1399 2039 ganze
1436 1970 1736 2027 Abscbnitt
1770 1969 1915 2027 fehlt
1949 1973 2074 2028 hier
2110 1974 2168 2029 in
2204 1975 2305 2030 der
2332 1975 2443 2046 Hs„
2481 1972 2652 2031 dafiir
2689 1979 2847 2033 steht
2874 1977 2969 2033 ein

352 2055 592 2112 andei-er
627 2056 710 2111 ad
746 2054 1368 2128 flagellationem,
1413 2057 1516 2115 der
1550 2058 1673 2115 hier
1709 2058 1877 2134 folgt.

424 2157 598 2216 Salve
635 2174 840 2230 corpus
875 2159 1253 2233 benedictum,
1779 2168 1983 2223 divinae
2020 2174 2079 2224 et
2104 2166 2349 2242 justitian

424 2245 648 2317 quantis
687 2246 868 2316 poenis
905 2263 965 2301 es
1001 2242 1299 2319 afflictum,
1849 2262 1909 2312 et
1945 2257 2107 2312 salva
2141 2273 2246 2325 me,
2282 2252 2414 2310 fons
2450 2254 2671 2327 gratim.

426 2334 815 2405 multipliciter
850 2334 1115 2406 ligatum,

426 2421 614 2493 plagis
654 2423 823 2476 saevis
858 2419 1206 2494 flagellatum

421 2524 533 2579 pro
569 2509 752 2565 salute
794 2509 1114 2565 animarum.

1779 2394 1991 2465 Plagae
2030 2398 2155 2448 tuas
2192 2389 2286 2447 fac
2322 2397 2580 2447 recentes

1779 2487 1837 2537 et
1872 2482 2087 2537 livores
2124 2486 2237 2536 tam
2273 2478 2589 2549 ferventes,

1018 2631 1031 2643 .
1781 2569 1877 2639 qui
1912 2569 1969 2623 in
2005 2585 2091 2623 me
2131 2568 2267 2622 sicci
2304 2565 2558 2636 fuerunt,

423 2629 598 2685 salve
636 2647 845 2701 ⁰⁰¹P¹¹⁵
880 2630 1227 2702 gmrmsum’
1781 2672 1905 2712 cum
1940 2663 1997 2712 te
2032 2655 2266 2713 maxime
2303 2656 2573 2712 laeserunt

424 2723 604 2774 totum
644 2717 855 2774 factum
892 2721 1237 2776 maculosum
1851 2749 2090 2799 stantem
2125 2746 2329 2800 nudum
2364 2750 2421 2800 et
2457 2744 2794 2817 despectum.

426 2810 486 2862 et
520 2807 723 2878 ubique
761 2805 1147 2878 deformatum,

426 2898 608 2970 signis
645 2899 844 2954 mortis
883 2899 1202 2954 coloratum
1780 2887 1892 2939 Per
1927 2889 2025 2937 tua
2060 2889 2257 2939 sancta
2292 2882 2538 2938 verbera

422 3003 527 3058 per
561 2986 840 3042 saevitiam
875 2987 1184 3059 plagarum,
1779 2971 2019 3027 accende
2056 2986 2142 3024 me
2178 2975 2236 3024 et
2271 2969 2537 3038 vulnera,

1279 3078 1288 3089 ²
1780 3060 1837 3114 in
1872 3063 2091 3113 secreta
2126 3057 2316 3112 cordis
2355 3056 2500 3111 cella

1779 3144 1969 3215 plagis
2005 3143 2117 3198 tuis
2153 3156 2240 3196 me
2277 3139 2512 3214 flagella

1848 3249 1971 3288 cum
2006 3231 2269 3303 passione
2305 3247 2409 3303 per
2445 3228 2721 3286 affectum.

419 3108 663 3164 Dorsum
698 3106 910 3166 Christi
945 3114 1003 3165 et
1036 3108 1220 3164 latera
1239 3100 1274 3177 ,⁴

423 3202 633 3264 quanta
667 3196 833 3250 vobis
869 3196 990 3250 haec
1027 3195 1264 3251 vulnera

425 3287 553 3335 sunt
590 3282 753 3336 illata
790 3289 848 3338 et
884 3282 1113 3337 dolores

426 3372 514 3422 tot
548 3373 772 3424 atroces
810 3376 868 3424 et
902 3370 1117 3425 livores
1778 3371 2028 3436 Quantas
2064 3368 2486 3438 persecutiones

497 3467 621 3507 cum
658 3451 904 3524 flagellis
940 3456 1286 3525 poenalibus!
1780 3462 1837 3512 et
1872 3458 2395 3529 peregrinationes,

1778 3544 2062 3615 miserias,
2101 3547 2444 3616 spretiones,

1778 3634 1995 3705 probra
2030 3639 2089 3688 et
2124 3633 2433 3688 derisiones

1848 3728 2087 3794 propter
2122 3723 2402 3777 hominem
2436 3721 2664 3777 subisti!

424 3574 576 3630 Caro
612 3573 824 3630 Christi
859 3574 1146 3645 virginea,

421 3666 512 3717 tot
545 3661 792 3718 verbera
827 3663 1078 3718 crudelia

421 3748 720 3819 suscepisti
757 3751 1040 3821 patienter

423 3837 594 3894 ‘²⁸⁰1oe
631 3845 800 3937 atqu?
837 3839 1082 3896 libenter
1115 3927 1126 3938 ,
1779 3862 1893 3917 Fac
1927 3878 2015 3917 me
2050 3877 2221 3933 super
2254 3867 2313 3917 te
2349 3862 2580 3932 lugere,

492 3939 600 3995 ΡΝ
636 3924 802 3981 ¹³⁰b¹⁸
839 3926 1248 3995 poccawnbm·
1780 3950 2141 4005 vehementer
2177 3950 2485 4006 condolere

419 4048 557 4104 Delo
593 4044 825 4122 flagella
861 4050 1177 4120 culparum,
1776 4038 1994 4094 cunctis
2031 4038 2470 4093 adversitatibus

418 4137 512 4207 pie
548 4139 834 4208 salvator,
869 4154 1118 4193 mearum
1775 4131 1838 4181 et
1873 4126 2361 4196 tribulationibus,

422 4221 515 4278 fac
552 4231 873 4280 consortem
908 4242 993 4280 me
1031 4230 1254 4281 tuarum
1850 4230 1991 4285 quas
2029 4219 2266 4286 propter
2301 4230 2405 4269 nos
2442 4211 2743 4285 pertulisti.

419 4308 544 4366 fieri
581 4311 904 4368 deliciarum
923 4354 937 4382 ‚

496 4413 533 4454 0
568 4393 699 4454 fon„
732 4399 1162 4456 misericorffiae!
1781 4350 1969 4405 Poenis
2008 4350 2119 4405 tuis
2156 4349 2477 4405 crudelibus

1780 4437 2041 4508 extingue
2079 4436 2136 4489 in
2172 4436 2508 4506 corporibus

423 4520 634 4575 Averte
671 4534 706 4575 a
741 4536 828 4574 me
864 4520 1084 4577 domine
1778 4524 1990 4580 nostris
2026 4530 2212 4580 motus
2248 4524 2618 4595 crimonosos,

420 4608 476 4663 in
514 4609 701 4664 obitus
739 4609 988 4664 examine
1774 4607 2017 4667 affectus
2053 4609 2438 4680 libidonosos,

416 4693 651 4773 flagella
685 4699 992 4758 iracundiae
1848 4715 1958 4759 nos
1992 4697 2227 4757 induens
2261 4698 2583 4757 virtutibus.
