3159 5259
2697 284 2782 352 51

345 465 410 522 v.
445 467 530 522 45.
566 466 655 522 46.
714 465 931 538 Groqor.
965 466 1036 522 M.
1074 465 1263 524 namu
1301 465 1360 520 in
1394 443 1482 522 0'v.
1523 468 1570 534 1,
1612 468 1661 534 1,
1700 467 1734 520 3
1769 470 1940 520 neunt
1980 462 2114 522 unu
2149 468 2230 522 soz
2257 469 2509 536 atomos,
2545 467 2636 525 die
2669 471 2787 532 m,

166 552 317 608 naeu
351 551 538 623 νοητὸς
573 553 739 623 ἥλιος.
794 551 922 606 Dec.
958 554 1070 620 25„
1128 568 1217 606 um
1255 552 1360 606 den
1395 551 1680 607 irdischeu
1718 548 1940 623 Begriff
1975 569 2042 606 zu
2080 551 2478 626 vergeistigen.

350 639 414 695 V.
449 641 534 694 53.
589 639 845 698 Christus
894 637 1054 709 quasi
1101 638 1159 694 iu
1208 647 1372 693 nocte
1421 637 1686 710 apparuit
1733 638 1791 692 in
1828 653 2075 708 corpore
2112 640 2355 696 mortali.
2426 643 2686 713 Auyustin.
2724 644 2783 704 in

171 743 376 799 evang.
412 727 539 784 soh.
576 729 627 795 4,
665 728 715 781 3.
785 725 915 798 ng
950 726 1053 781 No.
1091 728 1176 794 51,
1214 728 1296 780 17.

248 843 257 854 -
352 815 416 868 V.
453 817 534 868 61.
589 814 823 868 Ambros.
858 813 1101 867 hexaem.
1137 815 1189 880 4,
1209 816 1257 867 5.
1294 816 1425 867 ante
1454 812 1754 867 adventum
1782 811 1995 869 Christi
2023 813 2200 869 hiems
2230 820 2380 885 erat,
2415 821 2550 887 post
2577 817 2782 874 adveu-

171 907 293 958 tum
328 900 537 958 Christi
577 897 748 955 flores
785 904 914 954 suut
950 899 1102 954 veris
1140 905 1197 954 et
1230 899 1425 954 messis
1462 900 1691 955 aestatis.

353 990 419 1044 V.
455 990 700 1044 61—69.
755 989 879 1043 eine
918 987 1175 1044 iihnliehe
1228 986 1579 1060 Auffassuug
1621 989 1712 1043 bei
1749 990 2001 1061 θὴν-93031.
2037 989 2074 1043 l.
2110 990 2145 1043 l.
2183 1005 2232 1060 p.
2269 989 2390 1043 390.
2442 988 2650 1063 βαθεῖα
2683 989 2785 1057 νὺξ

179 1074 360 1132 πάντα
413 1083 625 1145 κατεῖχε
670 1080 761 1134 καὶ
813 1075 1018 1148 χειμών
1079 1068 1144 1147 ἦν
1186 1075 1432 1145 χαλεπὸς
1484 1075 1579 1147 τῆς
1617 1076 1910 1149 θαλάσσης
1945 1079 2337 1149 κυμαινομένης
2354 1117 2371 1144 ,
2431 1074 2537 1132 τῶν
2574 1074 2782 1153 ἀγρίων

172 1161 493 1236 πνευμάτων
529 1161 928 1220 διακοπτόντων
963 1161 1056 1220 τὸν
1091 1159 1450 1237 ἀνθρώπινον
1485 1163 1623 1237 βίον,
1659 1183 1764 1220 των
1800 1165 2006 1221 παθῶν
2041 1163 2458 1238 τυραννούντων.

358 1250 420 1305 V.
460 1252 542 1305 88.
595 1250 697 1305 Die
733 1250 914 1323 Eugel
950 1257 1121 1308 neunt
1158 1251 1372 1322 Greqor.
1409 1252 1478 1307 M.
1514 1251 1659 1308 hom.
1695 1252 1752 1306 in
1788 1268 1872 1307 ev.
1912 1256 1959 1322 1,
1997 1254 2046 1323 8,
2082 1257 2131 1307 2.
2168 1252 2320 1308 cives
2360 1252 2462 1310 dei.

749 1551 867 1626 53.
944 1552 1061 1624 De
1114 1551 1356 1623 eadem
1407 1552 1800 1626 festivitate.
1877 1551 2198 1652 hymnus.

174 1748 481 1814 Nascitur
529 1748 891 1814 diversorio

173 1872 442 1920 manens
486 1854 551 1916 in
588 1854 793 1937 patris
839 1853 1033 1936 solio,

168 1968 558 2041 monstram,
604 1959 779 2041 quod
824 1980 963 2025 cum
1010 1961 1139 2026 hoe
1182 1960 1426 2025 saeculo

171 2064 357 2129 nulla
401 2064 523 2128 sibi
569 2066 943 2129 commuuio.

168 2227 253 2298 ln
296 2227 533 2293 mundo
578 2248 700 2294 nee
745 2237 845 2294 est
887 2230 1159 2312 veritas,
1386 2231 1423 2292 5

167 2350 299 2398 nec
336 2333 616 2416 justitia,
661 2353 786 2399 nee
829 2335 1118 2417 aequitas,

169 2434 298 2500 sed
345 2435 628 2500 abundat
670 2437 1003 2522 iniquitas,

167 2540 445 2623 falsitas,
489 2540 666 2605 fraus
712 2549 778 2610 et
820 2541 1127 2626 vanitas.-

170 2702 321 2772 Hoe
365 2722 527 2787 ergo
571 2724 848 2788 nequam
894 2707 1199 2772 saeculum

168 2807 262 2872 sit
304 2809 489 2872 nobis
534 2817 604 2872 ut
651 2811 1077 2894 ergastulum,
1346 2811 1424 2875 10

170 2909 381 2993 ipsius
427 2930 508 2973 ne
555 2911 679 2976 reti
720 2910 1018 2976 fraudum

170 3013 538 3078 dilabamur
582 3013 645 3076 in
690 3013 1079 3080 barathrum.

171 3174 499 3259 Exemplo
547 3174 652 3238 dei
695 3173 812 3239 filii

172 3279 374 3341 simus
420 3278 525 3342 hic
569 3279 725 3361 vagi
765 3277 1065 3362 profugi,

172 3381 300 3447 sed
345 3401 593 3447 sursum
636 3384 795 3446 ferri
839 3382 1056 3467 cupidi
1348 3384 1426 3447 15

176 3507 299 3571 spe
344 3488 707 3570 virtuteque
754 3486 961 3550 animi.

174 3648 466 3718 Stratum
511 3649 674 3715 Jesu
715 3650 1107 3734 praesepium

174 3768 250 3825 ut
295 3759 375 3822 sit
420 3759 676 3824 salubre
722 3760 1025 3842 pabulum

174 3862 557 3929 mundorum
601 3863 961 3926 animalium
975 3911 993 3945 ‚

175 3967 487 4033 videlicet
528 3965 826 4031 fidelium.
1342 3969 1424 4032 20

174 4132 297 4200 Est
341 4131 501 4197 Jesu
548 4131 792 4213 quaevis
838 4132 1041 4215 actim

176 4237 247 4300 in
293 4249 487 4298 carne
534 4234 945 4298 conversatio

176 4345 421 4403 nostrae
466 4339 693 4401 mentis
738 4337 1007 4402 refectio

50 4498 63 4511 .
178 4462 262 4509 ao
304 4461 551 4508 morum
594 4443 932 4525 regulatiO.

178 4607 279 4674 De
323 4608 486 4674 Jesu
530 4613 681 4674 tune
718 4606 1141 4694 eomedimuS,
1344 4607 1424 4671 25

179 4732 329 4781 oum
370 4714 542 4780 hune
586 4714 704 4779 toti
750 4713 1097 4798 diligimus,

1533 1769 1676 1816 oum
1722 1749 1863 1834 ejus
1907 1768 2124 1814 mores
2167 1749 2451 1833 sapimus

1533 1865 1600 1917 et
1636 1855 1756 1918 hos
1802 1856 1985 1936 sequi
2030 1853 2360 1918 afficimus.

1531 2014 1606 2079 Si
1650 2034 1777 2079 non
1825 2017 1994 2100 sapit
2039 2015 2371 2099 divinitae,

1531 2119 1761 2198 edatur
1804 2121 1914 2184 vel
1955 2121 2350 2203 humanitem,
2694 2120 2779 2187 30

1530 2243 1614 2290 ue
1659 2225 1845 2288 uobis
1889 2225 1972 2288 sit
2020 2225 2345 2307 sterilitas,

1530 2336 1712 2391 tanta
1754 2328 1917 2392 Jesu
1962 2326 2316 2410 dapsilitas

1529 2495 1935 2578 IngrederiS‚
1983 2494 2349 2578 egrederis,

1532 2598 1615 2663 de
1660 2599 1823 2665 Jesu
1866 2600 2049 2684 pasci
2092 2600 2373 2685 poteriS‚

1531 2721 1646 2767 seu
1693 2702 1986 2767 humanis
2032 2713 2097 2768 et
2141 2704 2413 2788 typici8‚
2696 2702 2780 2766 35

1532 2826 1651 2872 seu
1695 2807 1927 2873 divinis
1974 2826 2052 2872 ae
2096 2808 2402 2891 mysticis.

1532 2972 1758 3036 Tantis
1803 2971 2139 3037 abundans
2188 2971 2461 3056 dapibus

1534 3074 1821 3157 quisquis
1864 3082 2078 3140 manet
2123 3072 2454 3136 famelicus
2466 3121 2484 3154 ‚

1436 3245 1439 3250 .
1531 3176 1642 3239 vel
1686 3175 1877 3239 sollus
1923 3183 2023 3238 est
2064 3174 2172 3237 vel
2217 3174 2432 3238 ebrius
2458 3220 2476 3256 ‚

1534 3300 1651 3347 seu
1694 3281 1886 3346 homo
1931 3281 2014 3344 sit
2056 3279 2167 3344 vel
2212 3279 2499 3363 augelus.
2693 3280 2779 3346 40

1530 3447 1772 3513 Panuis
1817 3447 2056 3531 tegitur
2099 3447 2334 3512 vilibus

1530 3573 1652 3616 rex
1696 3572 1922 3634 regum
1969 3559 2162 3635 atque
2199 3552 2524 3635 domiuus,

1535 3657 1697 3723 daus
1742 3658 2030 3724 solamen
2073 3659 2467 3746 pauperibus

1531 3779 1661 3825 non
1706 3760 1926 3826 verbis
1970 3761 2089 3823 sed
2134 3760 2454 3844 operibus

1536 3925 1723 4005 Quod
1766 3933 1894 3990 tam
1930 3933 2252 4009 praestans
2299 3926 2610 3990 existeret
2695 3926 2779 3988 45

1532 4037 1905 4111 paupertas„
1950 4028 2093 4109 quis
2137 4027 2263 4091 hoe
2309 4026 2641 4109 erederet,

1531 4132 1600 4195 ui
1645 4131 1802 4195 deus
1847 4131 2015 4197 hane
2059 4132 2336 4213 eligeret

1534 4235 1804 4318 ejusque
1851 4233 2047 4298 decus
2092 4232 2461 4317 panderet?

1533 4396 1648 4463 Sie
1692 4399 1839 4482 fuit,
1877 4398 1972 4463 sie
2015 4405 2140 4481 est,
2186 4398 2280 4462 sie
2325 4397 2476 4481 erit,

1534 4502 1718 4567 dives
1763 4503 2048 4586 inprimis
2092 4503 2199 4567 hie
2243 4505 2396 4588 erit,
2695 4503 2779 4567 50

1531 4628 1888 4694 pauperem
1933 4607 2227 4676 Christus
2272 4610 2503 4694 elegit,

1537 4731 1726 4795 quem
1772 4720 1842 4780 ut
1885 4732 2067 4782 suum
2111 4714 2221 4780 hin
2265 4711 2579 4798 deprimit.
