3159 5259
288 481 557 547 fraudes
600 487 1009 568 temptatoris
1022 532 1041 568 ,
1093 510 1102 519 ·
1357 487 1441 551 25
1651 487 1904 574 Sponte
1948 510 2070 556 sua

285 583 457 668 fugit
497 594 1001 670 persequentum
1043 586 1319 672 lapides.
1650 595 2133 679 comprenditur

285 719 557 786 Famem
598 722 872 806 patim,
1651 705 1722 763 et
1764 698 2167 784 dampnatur.

255 855 260 861 ·
288 825 530 890 dormit
575 834 643 891 et
686 827 981 891 tristatur
1023 844 1104 893 ao
1146 826 1328 893 lavat
1646 834 1734 902 Et
1778 855 1852 900 se
1878 836 2193 920 crucifigi

286 927 621 1013 discipulis
663 928 871 1013 pedes
1647 955 1780 1003 non
1817 937 2146 1024 despexit,

284 1033 449 1099 deul
476 1034 690 1118 ΜΗΘ,
727 1053 1007 1103 mmm
1033 1035 1307 1102 hmffiss·
1352 1037 1437 1101 3⁰
1646 1071 1785 1138 Sed
1829 1075 1930 1141 sol
1974 1074 2118 1158 ejus
2162 1083 2435 1141 mortem

165 1223 239 1287 5.
287 1217 425 1285 Sed
468 1229 686 1286 tumen
729 1223 902 1287 inter
1575 1276 1580 1279 ,
1644 1194 1775 1241 ”⁰¹¹
1821 1178 2093 1261 aspexit·

265 1325 414 1391 haec
457 1326 721 1410 abjflflta
764 1326 1064 1412 corporis
1537 1367 1600 1431 8.
1645 1366 1864 1432 Illuxit
1908 1365 2081 1450 dies,

280 1463 446 1550 Ejug
483 1464 695 1529 deitas
1645 1490 1835 1554 quam
1879 1470 2035 1536 fecit
2080 1470 2393 1555 dominus,

281 1587 692 1652 nequaquam
736 1570 942 1652 quivit
983 1569 1226 1653 latore,
1641 1606 1921 1673 Mortem
1958 1604 2310 1670 devastans

282 1671 485 1753 signis
531 1672 736 1736 variis
1348 1674 1433 1737 35

282 1782 351 1840 et
385 1775 698 1841 doctrinis
732 1726 1042 1858 proditas

277 1911 542 1997 Aquam
584 1914 828 1998 nuptiis

277 2015 394 2079 dat
438 2015 695 2099 saporis
738 2015 951 2099 vinei,

1643 1719 1711 1775 et
1753 1713 1963 1776 victor
2007 1712 2139 1774 suis
2185 1728 2512 1796 apparens

1563 1890 1572 1901 .
1643 1816 2059 1884 dilectoribus
2104 1818 2310 1882 vivus.

1639 1955 1860 2021 Primo
1906 1957 2137 2022 Mariae
2154 2004 2171 2038 ‚

1645 2061 1881 2128 dehinc
1919 2062 2264 2147 apostolis,

279 2151 513 2217 Caecos
560 2151 786 2217 oculos

278 2254 461 2320 claro
505 2255 743 2318 lumine
788 2253 1083 2337 vestivit,
1344 2257 1430 2320 40

278 2359 532 2443 lepram
574 2359 850 2424 luridam

277 2471 458 2529 tactu
502 2465 687 2545 fugat
729 2462 1012 2547 placido.

1640 2202 1899 2270 Docens
1944 2204 2303 2287 scripturas
2321 2250 2339 2286 ‚

1644 2326 1759 2372 cor
1806 2308 2137 2391 aperienS,
2183 2315 2252 2372 ut
2299 2307 2522 2372 clausa

1645 2410 1728 2475 de
1772 2413 1917 2495 ipso
1963 2420 2350 2476 reserarent.

1535 2603 1596 2667 9.
1642 2599 1899 2665 Favent
1942 2600 2142 2685 igitur

1642 2706 2011 2787 resurgenti
2056 2702 2317 2770 Christo

1642 2815 1873 2871 cuncta
1918 2806 2209 2887 gaudiis:

157 2656 229 2720 6.
275 2632 526 2720 Putres'
549 2653 818 2718 suscitat

271 2765 562 2823 mortuos

271 2865 670 2946 menbraque
718 2868 903 2927 curat
1340 2862 1424 2925 45

273 2964 548 3045 debilia,
1638 2959 1910 3039 Plures,
1958 2966 2219 3041 segetes

1637 3062 1935 3126 redivivo
1980 3062 2193 3125 fructu

1631 3174 1908 3230 vernant
1952 3173 2020 3229 et
2064 3166 2396 3247 volucres,

1636 3272 1791 3354 gelu
1836 3270 2001 3334 tristi

1269 3382 1275 3391 ⁴
1341 3412 1423 3476 50
1634 3384 1814 3438 terso
1859 3373 2048 3438 dulce
2086 3372 2386 3455 jubilant.

277 3098 557 3165 Fluxum
601 3096 934 3180 sanguinis

273 3203 662 3270 constrinxit
708 3210 774 3265 et
819 3200 1136 3266 saturavit

272 3312 554 3394 quinque
600 3310 682 3373 de
725 3309 1002 3392 panibus

276 3417 470 3499 quina
514 3415 729 3479 millia.

274 3548 597 3633 stagnum
639 3556 956 3634 peragrat
1632 3529 1889 3597 Lucent
1931 3531 2168 3595 clarius

272 3654 590 3721 fluctuans
1634 3637 1735 3701 sol
1779 3645 1846 3700 et
1888 3637 2072 3717 luna,
2118 3644 2327 3701 morte

271 3780 393 3826 ceu
437 3762 679 3827 siccum
722 3762 931 3844 littus,
1635 3741 1881 3807 Christi
1927 3742 2203 3808 turbida.

269 3872 505 3929 venms
549 3864 782 3937 sedan
1640 3896 1858 3962 Tellus
1908 3895 2183 3961 herbida

269 3998 590 4086 Linguam
632 4010 888 4069 reserat
1338 4003 1420 4066 55
1640 4002 2008 4083 resurgenti
2054 3999 2307 4084 plaudit

272 4107 720 4189 constrictam,
768 4105 1035 4171 reclusit
1079 4123 1274 4171 aures
1640 4104 1930 4187 Christo,
1979 4122 2124 4187 quae
2170 4105 2442 4170 tremula

274 4209 568 4291 privatas
613 4209 916 4292 vocibus,
1641 4210 1784 4292 ejus
1827 4216 2035 4272 morte

267 4309 488 4375 febres
536 4311 799 4395 depulit.
1640 4332 1713 4378 se
1759 4332 2053 4378 casuram
2096 4313 2359 4378 minitat.

153 4505 226 4570 ⁴7.
269 4500 426 4567 Post
471 4503 618 4568 haec
661 4500 828 4568 mira
1533 4508 1638 4572 10.
1681 4503 1861 4588 Ergo
1908 4504 2013 4569 die
2141 4515 2145 4519 ’

266 4605 581 4670 miracula
1339 4609 1425 4674 60
1636 4611 1764 4675 ista
1809 4608 2196 4701 exultemus,
2292 4640 2295 4643 “

268 4708 556 4793 taliaque
819 4812 828 4823 Ι
1638 4732 1769 4798 qua
1808 4712 1995 4781 nobis

2676 305 2803 372 2⁰1

2608 840 2803 903 ·65

2708 1473 2793 1540 ⁷0

2707 2063 2791 2125 75

2700 2702 2790 2769 80

2698 3269 2783 3333 85

2699 3902 2785 3967 9⁰

2703 4516 2795 4582 95
