3159 5259
364 316 505 385 276

373 498 480 555 11³.
512 512 586 552 zu
618 494 878 553 Koblenz
912 494 1019 550 Nu.
1055 492 1175 549 162.
1208 491 1269 549 S.
1304 492 1389 546 94.
1420 492 1534 561 (C)
1571 490 1674 547 «ks
1712 494 1781 546 17
1813 490 2014 549 Jahrb.
2045 489 2148 545 mit
2181 486 2514 561 folgendem
2548 488 2856 545 Rundreim
2873 504 2893 545 t

945 582 1105 637 Bone
1136 580 1294 649 jesu,
1328 585 1531 650 pastor
1566 576 1818 635 fidelium

942 669 1165 739 adauge
1200 664 1368 722 fidem
1405 667 1649 721 omnium
1686 665 1746 721 in
1781 671 1840 721 te
1878 663 2243 735 sperantium.

374 756 544 819 Anch
578 756 655 811 im
687 755 1109 813 Antidotarium
1143 753 1359 821 animae,
1396 749 1435 807 f.
1469 754 1542 807 3⁷
1577 754 1712 823 (A),
1746 752 1850 807 mit
1882 751 1984 806 der
2010 747 2429 808 Ueberschrift:
2470 751 2656 805 oratio
2693 768 2740 807 s.
2767 751 3030 807 Thomu>

377 841 454 898 do
484 842 710 911 Aquino
746 840 804 894 in
841 840 1162 896 elevatione
1198 840 1463 909 corporis
1500 840 1714 896 Christi
1747 839 1844 894 vel
1878 843 2013 909 post
2047 836 2284 892 dicenda
2319 835 2473 892 infra
2505 837 2802 892 actionem.
2855 837 3021 893 Also

374 927 476 984 ein
507 928 646 986 Lied
682 942 785 981 zur
818 926 1167 997 Wandlung.
1236 927 1374 982 Fast
1407 925 1509 980 mit
1544 925 1824 996 gleichem
1858 923 2007 980 Tite}
2055 922 2209 979 steht
2252 923 2354 978 das
2390 924 2529 979 Lied
2563 925 2709 980 auch
2743 925 2822 978 im
2855 924 3026 981 Hor·

376 1016 537 1075 tulus
568 1014 786 1069 animm.
819 1012 987 1086 Lyon
1023 1015 1177 1069 1516.
1211 1013 1297 1069 Bl.
1335 1013 1440 1067 169
1477 1013 1605 1082 (Β).
1675 1012 1771 1068 Hs.
1807 1028 1879 1067 zu
1911 1010 2112 1078 mainz,
2146 1010 2294 1082 Aug.
2329 1011 2435 1067 No.
2470 1011 2592 1066 439.
2629 1010 2718 1066 Bl.
2750 1014 2839 1066 37.
2878 1012 3020 1083 (H)

376 1101 482 1158 des
521 1103 589 1156 15
620 1099 819 1156 Jahrb.

553 1202 671 1259 nas
705 1217 887 1274 ganzo
922 1199 1060 1256 Lied
1093 1199 1231 1255 heht
1264 1200 1355 1255 die
1392 1200 1701 1256 Wahrheit
1740 1200 1844 1256 der
1872 1200 2208 1272 Wandlung
2242 1201 2469 1269 hemor,
2505 1201 2785 1256 wodurch
2822 1201 3014 1256 allein

368 1290 484 1347 das
519 1290 855 1347 Sacrament
888 1289 979 1344 ein
1016 1289 1245 1343 wahres
1280 1288 1445 1355 πίε-(1,
1483 1287 1586 1342 das
1620 1302 1752 1342 man
1786 1287 1943 1342 nicht
1969 1287 2146 1341 durch
2175 1287 2262 1342 die
2290 1288 2669 1343 beschrfinkte
2694 1287 3014 1358 vernunst,

373 1377 630 1434 eundern
666 1377 773 1431 (len
807 1375 1068 1447 willigen
1104 1374 1357 1430 Glauben
1393 1373 1644 1430 erkennt
1726 1374 1860 1429 Dies
1897 1389 2024 1428 war
2059 1373 2150 1428 die
2186 1373 2635 1446 Ueberzeugung
2671 1374 2770 1429 der
2804 1374 3016 1430 viter.

374 1462 517 1520 flaec
552 1468 642 1518 est
675 1462 802 1518 laus
838 1459 995 1530 fidei,
1045 1460 1122 1529 si,
1174 1462 1327 1533 quod
1363 1461 1640 1529 creditur,
1698 1477 1809 1516 non
1846 1461 2086 1516 videtur.
2149 1475 2279 1515 nam
2314 1459 2450 1530 quid
2482 1476 2747 1530 magnum
2780 1464 2900 1529 est,
2958 1460 3013 1515 si

372 1549 648 1621 creditur,
684 1550 838 1620 quod
863 1547 1131 1604 videtur?
1164 1548 1375 1617 Anqust.
1409 1547 1467 1602 in
1505 1563 1592 1602 ον.
1626 1548 1754 1602 Joh.
1791 1552 1860 1601 tr.
1897 1549 1983 1615 ¹79,
2021 1549 2069 1602 1.
2140 1546 2205 1602 Si
2241 1546 2432 1602 divina
2467 1548 2731 1617 operatio
2769 1547 3012 1603 ratione

371 1636 886 1707 comprehenditur,
922 1650 1036 1691 non
1073 1637 1163 1688 est
1196 1633 1560 1701 admirabilis,
1597 1649 1702 1691 nec
1736 1629 1878 1688 fides
1915 1633 2088 1688 habet
2125 1632 2397 1703 meritum,
2429 1634 2527 1688 cui
2564 1634 2805 1690 humana
2843 1633 3014 1690 ratio

374 1723 605 1794 praebet
638 1723 1089 1794 experimentum.
1162 1721 1382 1790 Greqor.
1415 1721 1487 1776 Μ.
1523 1721 1670 1776 hom.
1706 1719 1764 1774 in
1800 1735 1888 1774 ev.
1923 1722 1977 1789 2,
2012 1721 2100 1789 26,
2140 1723 2187 1774 1.

559 1864 591 1917 1
643 1861 825 1917 deitas
873 1861 1292 1933 DHPCABMF,
1356 1880 1425 1921 so
1475 1865 1800 1936 gewonlich
1848 1864 1908 1919 in
1959 1864 2066 1920 den
2112 1865 2418 1936 Ausgabcn
2433 1906 2449 1935 ,
2508 1864 2650 1923 aber
2685 1864 2843 1920 nicht
2877 1869 3008 1935 gut,

374 1944 529 2002 «leun
561 1949 778 2004 veritas
812 1950 889 2005 ist
925 1952 1197 2007 Christus.
1267 1955 1303 2007 3
1339 1968 1444 2007 cor
1477 1970 1659 2009 meum
1694 1969 1756 2007 se
1791 1954 1863 2009 Μ.
1933 1954 1968 2007 6
2003 1954 2128 2009 tuto
2165 1949 2259 2007 fiir
2294 1953 2355 2006 in
2407 1957 2464 2009 te
2514 1951 2732 2021 CDHP,
2799 1950 3010 2008 audite

376 2033 513 2090 solo
560 2038 685 2091 tuto
729 2037 809 2105 A,
865 2042 985 2092 tute
1039 2038 1202 2094 Bnm.
1301 2040 1336 2094 8
1382 2038 1465 2092 nil
1509 2038 1621 2094 hoc
1667 2041 1848 2095 verbo
1884 2040 2148 2097 veritatis
2184 2040 2356 2107 CDP,
2420 2039 2600 2095 verbo
2636 2053 2753 2092 ver.
2787 2037 2898 2093 nih.
2941 2037 3005 2093 F.

374 2120 562 2176 verba
594 2123 660 2179 A.
733 2125 803 2176 10
837 2122 911 2179 ad
943 2122 982 2179 f.
1019 2124 1121 2180 sed
1152 2125 1217 2195 Ι),
1252 2132 1316 2182 at
1348 2126 1460 2184 HC.
1531 2131 1597 2180 11
1636 2133 1697 2183 et
1730 2127 1794 2198 R,
1830 2143 1970 2183 vere
2007 2129 2245 2183 credens
2272 2133 2442 2197 atque
2478 2127 2541 2181 Β.
2613 2128 2681 2181 12
2706 2129 2906 2195 petens
2937 2125 3006 2180 R.

379 2209 455 2265 14
490 2225 620 2266 esse
652 2211 730 2279 A,
784 2226 965 2266 meum
999 2228 1196 2268 verum
1230 2218 1289 2268 te
1326 2228 1451 2268 csse
1488 2211 1638 2269 conf.
1674 2215 1751 2284 B,
1810 2219 1869 2270 te
1903 2230 2085 2270 meum
2119 2231 2248 2269 esse
2283 2216 2369 2284 Μ,
2404 2219 2463 2270 te
2506 2228 2630 2268 esse
2665 2214 2725 2269 F.
2796 2215 2864 2267 15
2902 2210 3008 2269 fac

378 2308 474 2350 me
507 2296 614 2351 tibi
648 2312 869 2368 semper
901 2300 1084 2371 magis
1121 2314 1196 2355 cr.
1231 2299 1638 2358 DHPCABMF.
1709 2302 1779 2357 16
1815 2306 1876 2356 et
1908 2299 2004 2356 fiir
2037 2306 2097 2356 te
2132 2301 2195 2355 D.
2267 2302 2336 2356 18
2370 2300 2534 2356 vivus
2571 2300 2617 2355 D
2635 2342 2650 2370 ,
2685 2300 2841 2355 nicht
2876 2304 3004 2371 gut,

378 2379 530 2436 denn
563 2380 673 2438 auf
697 2383 914 2440 veritas
947 2385 1095 2459 liegt
1130 2388 1232 2443 der
1266 2388 1610 2444 Nachdruck
1645 2389 1719 2443 im
1756 2404 1975 2461 ganzen
2011 2387 2197 2444 Liede.
2285 2389 2361 2442 20
2395 2393 2564 2459 atque
2598 2387 2690 2442 illi
2724 2402 2894 2457 semp.
2935 2387 3000 2443 B.

374 2469 454 2525 23
488 2468 652 2525 stilla
684 2471 1088 2531 ABGDFHMP.
1157 2476 1230 2529 24
1264 2475 1452 2545 possit
1484 2475 1646 2544 FAB,
1683 2475 1806 2546 quit
1840 2475 1914 2532 ab
1951 2476 2103 2532 omni
2138 2475 2294 2533 CDP.
2361 2475 2433 2528 25
2468 2474 2608 2528 Jesu
2642 2472 2805 2541 HPB,
2842 2472 3006 2543 aspi·

366 2555 474 2715 ⁴«iiio
518 2555 887 2628 DGRPMBF,
947 2559 1090 2617 ἔθευ
1140 2561 1234 2631 pie
1282 2576 1337 2632 q.
1380 2561 1547 2619 Am.
1617 2564 1691 2617 26
1736 2578 1843 2619 oro
1890 2559 2015 2625 fiat,
2044 2563 2169 2632 ΒΡ,
2233 2562 2346 2618 erit
2383 2561 2538 2627 istud
2585 2561 2659 2630 G,
2723 2559 2876 2615 istud
2927 2559 3008 2630 H,

411 2655 503 2698 am
534 2642 646 2699 RB.

557 2780 624 2838 V.
661 2785 708 2838 1.
758 2785 924 2840 Foris
959 2784 1156 2842 littera
1190 2792 1307 2857 est,
1341 2788 1493 2844 intus
1528 2788 1816 2860 mysteria.
1887 2789 2124 2844 Ambroe.
2160 2789 2320 2858 epist.
2359 2788 2427 2843 cl.
2465 2790 2518 2858 1,
2549 2787 2637 2843 26.

558 2870 625 2925 V.
662 2873 710 2925 7.
765 2873 1017 2944 Chryeost.
1054 2871 1123 2929 de
1159 2874 1603 2947 incomprehens.
1640 2881 1753 2931 nat.
1787 2877 1840 2945 2,
1874 2878 1925 2930 2.
1996 2874 2126 2931 ὅταν
2162 2871 2534 2946 ἀποφαίνηται
2563 2894 2616 2928 τι
2650 2870 2808 2938 θεὸς,
2844 2866 2876 2927 ὁ
2911 2869 2997 2943 μὴ’

370 2954 466 3013 δεῖ
496 2958 1092 3034 πολυπραγμονεῖσθαι
1108 3001 1124 3026 ,
1160 2965 1342 3017 πίστει
1375 2962 1811 3039 παραδέχεσθαι
1837 2959 1962 3038 χρή.
2009 2963 2136 3017 Ιῠίά.
2181 2957 2313 3018 ὅταν
2352 2960 2385 3017 ὅ
2420 2960 2563 3025 θεὸς
2599 2956 3000 3031 ἀποφαίνηται,

368 3043 680 3118 «λογισμοὺς
710 3052 872 3102 κινεῖν
906 3043 974 3102 οὐ
1004 3045 1134 3121 χρὴ,
1170 3046 1301 3103 οὐδὲ
1333 3048 1676 3124 πραγμάτων
1708 3045 2079 3116 ἀκολουθίαν,
2138 3043 2270 3105 οὐδὲ
2305 3047 2526 3120 φύσεως
2561 3044 2797 3120 ἀνάγκην
2848 3065 2994 3121 προ-

374 3130 725 3205 βάλλεσθαι,
775 3130 907 3190 οὐδὲ
960 3130 1092 3193 ἄλλο
1142 3154 1198 3189 τι
1251 3132 1359 3191 τῶν
1406 3134 1666 3192 τοιούτων
1701 3132 1890 3193 οὐδέν·
1951 3135 2170 3192 πάντων
2212 3135 2325 3214 γὰρ
2361 3134 2564 3192 τούτων
2605 3132 2849 3211 ἀνωτέρω
2888 3131 3000 3204 τῆς

370 3212 718 3289 ἀποφάσεως
753 3218 790 3289 ἦ
833 3218 1066 3291 δύναμις
1100 3216 1285 3277 οὐδενὶ
1323 3221 1721 3294 διακοπτομένη
1755 3219 2046 3296 κωλύματα

557 3303 624 3359 V.
661 3307 744 3359 17.
794 3307 1123 3364 memoriale
1137 3346 1153 3377 ,
1191 3307 1281 3361 die
1316 3307 1675 3381 Erinnernng
1709 3325 1784 3364 an
1819 3310 1927 3365 den
1964 3306 2244 3380 Opfertod
2279 3308 2493 3367 Christi
2525 3309 2671 3364 nach
2707 3307 2809 3363 der
2841 3305 3000 3361 Vor-

376 3389 589 3448 uchrift
620 3392 715 3447 bei
748 3394 876 3451 Luc.
910 3396 998 3465 22,
1036 3399 1120 3453 19.
1154 3396 1180 3452 1
1213 3397 1344 3453 Cor.
1382 3401 1467 3468 11,
1500 3400 1618 3466 24.,
1666 3397 1885 3453 welche
1922 3398 2098 3454 daher
2137 3399 2282 3454 auch
2316 3397 2393 3452 im
2428 3397 2631 3452 Knnon
2668 3396 2770 3453 der
2806 3394 2994 3451 Messe

375 3474 777 3537 ausdrucklich
823 3479 927 3536 mit
973 3482 1167 3538 diesen
1212 3483 1463 3541 Worten
1511 3485 1777 3541 erwhhnt
1821 3485 1996 3542 wird:
2059 3487 2196 3543 Eaec
2230 3487 2672 3558 quotiescunque
2717 3480 2996 3550 feceritis,

371 3565 437 3619 iu
469 3566 574 3618 mei
604 3569 910 3622 mmor-iam
943 3566 1181 3627 facietis.
1252 3574 1411 3631 Unde
1447 3578 1507 3629 et
1539 3591 1810 3648 memores,
1846 3576 2092 3646 domine,
2128 3592 2235 3634 nos
2269 3574 2427 3630 servi
2458 3572 2560 3644 tui,
2594 3571 2697 3629 sed
2730 3575 2791 3626 Θ*
2823 3569 2994 3641 1³¹²*ss

376 3651 485 3707 tua
520 3654 719 3707 meta
753 3652 1008 3725 ejusdem
1042 3656 1255 3714 Christi
1289 3657 1394 3715 filii
1429 3661 1539 3731 tui,
1576 3662 1788 3722 domini
1822 3665 1915 3720 dei
1948 3664 2165 3735 nostri,
2199 3670 2317 3721 tam
2348 3663 2534 3719 beatae
2565 3658 2850 3733 passionis
2884 3670 2994 3712 nec

372 3751 495 3797 non
542 3737 617 3794 ab
662 3735 861 3796 inferis
912 3746 1350 3802 resurrectionis
1399 3749 1501 3804 sed
1547 3755 1608 3806 et
1656 3751 1716 3806 in
1763 3752 1946 3809 coelos
1994 3753 2269 3825 gloriosse
2315 3748 2663 3807 ascensionis
2699 3744 2992 3803 offerimus

367 3825 672 3896 praeclarae
704 3830 993 3903 majestati
1027 3836 1140 3887 tuse
1176 3833 1248 3889 de
1283 3835 1397 3890 tuis
1433 3836 1598 3892 donis
1634 3852 1704 3892 ac
1739 3839 1886 3895 datis
1923 3839 2168 3897 hostiam
2198 3854 2411 3910 puram,
2445 3837 2691 3894 hostiam
2716 3839 2990 3902 sanctam,

366 3912 621 3971 hostiam
646 3915 1074 3990 immaculatum,
1111 3936 1313 3993 panem
1348 3928 1603 3979 sanctum
1639 3925 1778 3980 vitae
1813 3930 2043 3983 aeternse
2080 3931 2140 3982 et
2173 3926 2408 3982 calicem
2443 3924 2643 3981 salutis
2678 3926 2989 3994 perpetuae·

1144 4257 1321 4331 210.
1375 4258 1493 4332 Dc
1544 4285 1845 4361 corpore
1901 4260 2190 4337 Clu-isti.

348 4471 590 4542 Lauda
635 4475 795 4544 Sion
841 4481 1232 4550 salvatorem
1245 4534 1264 4570 ,
1730 4496 2033 4571 quantum
2077 4498 2270 4574 potes
2285 4539 2304 4574 ,
2347 4498 2598 4556 tantum
2642 4490 2839 4575 aude,

340 4576 556 4644 lauda
600 4580 831 4646 ducem
876 4592 943 4648 et
982 4593 1317 4669 pastorem
1729 4593 1882 4676 quia
1921 4592 2133 4679 major
2178 4612 2366 4660 omne
2411 4595 2637 4682 laude,
2943 4600 2986 4662 5

432 4680 507 4748 in
551 4682 809 4769 hymnis
854 4694 923 4753 et
968 4692 1268 4773 canticis3
1468 4736 1485 4745 x„
1805 4714 1932 4763 nec
1973 4696 2245 4765 laudare
2289 4698 2554 4766 sufficis.
