3159 5259
436 302 573 369 no

435 487 562 557 hat,
622 487 679 543 in
716 487 822 543 den
856 486 1162 561 folgenden
1196 489 1335 546 aber
1367 504 1474 546 nur
1508 489 1686 545 einen.
1753 488 2001 546 lacento
2036 487 2151 545 und
2183 488 2586 559 Apostmphet
2617 487 2905 545 habe-ioh
2936 490 3067 547 boi-

428 571 641 646 geffigt
657 617 672 645 ‚
725 591 823 632 wo
873 577 958 639 sie
1009 578 1213 649 nothis
1263 578 1405 634 sind.
1471 578 1550 634 Es
1603 578 1730 651 gibt
1776 576 1922 633 auch
1973 577 2100 633 ein
2151 575 2718 633 amani-lindiam
2771 578 3063 650 gemiane

432 663 856 736 Uebersetzung
902 664 1087 719 dieser
1133 665 1457 737 Tagzeiten.
1525 666 1584 722 S.
1618 666 1800 723 meino
1837 665 2064 721 niederl.
2097 665 2363 721 vomunt.
2411 663 2469 719 S.
2507 666 2626 721 151.
2695 664 2837 725 Eine
2873 665 3064 725 hech-

428 750 687 807 teutsche
733 751 835 807 liat
867 750 1150 822 Hofflman
1183 753 1239 808 in
1272 771 1320 810 ι.
1354 754 1549 811 Gesch.
1585 755 1688 811 des
1723 755 1954 812 meh.
1991 753 2418 811 Kirchenliedes
2452 752 2509 809 S.
2549 754 2655 809 122
2687 752 3062 826 ninethesst.

1082 1068 1207 1143 83.
1283 1066 1505 1144 Horae
1556 1071 1650 1145 de
1689 1076 2016 1177 passione
2070 1071 2354 1145 domini.

433 1260 522 1329 Ut
563 1264 755 1329 homo
799 1275 1175 1349 resurgeret

520 1369 743 1434 mortis
788 1390 829 1434 a
871 1370 1055 1435 ruina
1069 1417 1087 1454 ,

430 1471 543 1538 dei
584 1481 771 1538 natus
818 1481 1045 1558 captus
1090 1480 1191 1540 est

518 1576 685 1641 hora
727 1578 1065 1643 matutina:

428 1699 476 1745 a
518 1680 650 1744 suis
697 1679 1018 1747 deseritur

340 1848 347 1859 ,
520 1781 679 1865 fuga
720 1781 1059 1868 repentina
1072 1834 1090 1869 ,

428 1905 476 1951 a
518 1885 768 1951 Judaeis
815 1888 1091 1953 trahitur

520 1987 673 2051 fune
718 1987 1052 2053 latrocinA.

430 2167 615 2235 Hora
657 2170 865 2253 prima
899 2170 1167 2254 praesidi

520 2279 749 2356 captus
790 2280 1257 2358 praesentatur,

430 2376 614 2441 falsis
659 2377 1036 2442 testimoniis

511 2479 728 2562 justus
775 2486 1146 2564 accusatur,

430 2581 642 2662 alapis
688 2579 996 2662 affligitur

520 2689 587 2745 et
632 2683 1108 2767 colaphizatur,

428 2787 638 2871 sputis
684 2786 827 2870 ejus
874 2788 1077 2853 facies

520 2902 657 2958 tota
701 2894 1085 2960 sordidatur.
1142 2940 1147 2947 -

428 3071 611 3140 Hora
662 3093 824 3141 vero
870 3076 1065 3143 tertia

518 3178 657 3242 dire
703 3178 1073 3260 flagellatur
1090 3231 1108 3266 ,

428 3302 720 3365 purpura
764 3282 1076 3367 induitur,

519 3385 720 3467 spinis
768 3396 1145 3472 coronatur,

426 3487 726 3570 crucifigi
770 3492 1045 3574 petitur,

520 3589 698 3673 quod
740 3610 891 3655 mox
935 3593 1373 3663 demandatur.

428 3710 593 3759 crux
640 3691 729 3756 ad
769 3693 982 3757 locum
1028 3695 1309 3779 Galgata

520 3797 645 3863 sibi
688 3796 847 3860 ferri
891 3797 1096 3863 datur.

427 3976 607 4043 Hora
652 3986 838 4043 sexta
881 3982 1136 4064 patiens

518 4085 695 4150 cruci
741 4085 1134 4171 applicatur,

426 4189 716 4253 extensis
762 4192 1054 4257 manibus
1099 4201 1167 4256 et

517 4293 793 4375 pedibus
838 4296 1158 4379 clavatur,

426 4412 576 4460 cum
621 4406 805 4461 aceto
852 4400 1072 4465 sitiens

519 4507 586 4560 et
630 4499 781 4561 felle
825 4509 1104 4589 potatur,

432 4601 597 4687 „qui
641 4600 859 4665 salvas
905 4605 1097 4687 alios»,
1143 4614 1209 4671 te

517 4705 705 4773 salva
723 4700 778 4790 “‚
824 4707 1322 4792 blasphematur.

1604 2278 1684 2341 10

1604 2795 1684 2857 15

1596 3396 1680 3460 20

1599 3988 1682 4052 25

1596 4510 1681 4574 30

1789 1270 1972 1337 Hora
2013 1288 2186 1335 nona
2229 1271 2509 1337 moriens

1881 1371 2087 1460 „heliz
2109 1370 2141 1405 “
2188 1374 2502 1439 vocitavit

1791 1485 1859 1543 et
1901 1476 2355 1544 commendans
2399 1476 2674 1542 animam

1874 1580 2048 1664 patri
2092 1578 2481 1663 exspiravit,

1789 1681 1958 1747 latus
2005 1680 2147 1767 ejus
2191 1680 2422 1746 lancea

1877 1785 2060 1850 miles
2103 1783 2491 1869 perforavit,

1790 1895 1944 1952 tunc
1985 1894 2165 1953 terra
2209 1886 2620 1969 contremuit,

1879 2009 1952 2055 se
1998 1991 2098 2055 sol
2142 1991 2534 2056 obscuravit.

1789 2168 1887 2236 De
1935 2189 2127 2235 cruce
2174 2168 2519 2253 deponitur

1874 2275 2039 2338 hora
2082 2292 2538 2358 vesperorum,

1789 2380 1952 2443 mori
1996 2379 2090 2444 sic
2138 2379 2455 2463 disposuit

1875 2483 2013 2547 vita
2055 2492 2466 2549 mortuorum.

1788 2593 1861 2649 ut
1904 2603 2055 2652 suos
2100 2585 2450 2651 redimeret

1878 2707 1919 2752 a
1958 2690 2171 2770 poenis
2215 2695 2562 2772 tortorum,

1793 2791 2194 2856 descendens
2240 2792 2326 2856 ad
2368 2793 2611 2859 inferos

1877 2896 2076 2979 fregit
2116 2905 2341 2980 portas
2386 2897 2632 2963 horum.

1788 3075 1969 3142 Hora
2014 3078 2416 3163 completorii

1875 3182 2227 3264 sepulturae
2274 3183 2498 3266 datur,

1787 3301 2026 3367 corpus
2071 3285 2215 3368 ejus
2260 3280 2533 3352 sindone

1873 3388 2110 3454 munda
2156 3391 2617 3475 circumdatur,

1789 3492 2177 3555 monumenti
2225 3493 2454 3556 ostium

1877 3615 2021 3661 cum
2065 3614 2225 3661 saxo
2272 3598 2596 3681 signatur,

1789 3700 2021 3765 milites
2066 3700 2461 3783 custodiunt,

1873 3822 1956 3867 ne
2001 3802 2216 3869 furtim
2261 3803 2541 3868 tollatur.

1787 3982 2000 4048 Horas
2045 3984 2190 4048 illas
2239 3985 2522 4050 canimus
2605 4018 2610 4023 ·

1872 4088 1988 4151 tibi
2029 4088 2190 4155 Jesu
2233 4092 2437 4175 bone,

1786 4199 2057 4257 mortem
2103 4202 2389 4258 nostram
2434 4194 2775 4261 destruens

1871 4299 2051 4363 necis
2093 4300 2160 4362 in
2205 4317 2454 4384 agone,

1784 4402 1985 4465 vitam
2029 4422 2302 4487 surgens
2346 4425 2619 4490 reparas

1874 4509 2106 4572 obruto
2152 4508 2454 4575 dracone.

1782 4606 1890 4673 fac
1930 4628 2051 4674 nos
2098 4611 2328 4695 dignos
2375 4613 2550 4681 effici

1868 4720 1981 4781 tua
2021 4718 2343 4803 passione.

2963 1478 3052 1542 35

2965 3188 3047 3253 50

2966 3708 3046 3770 55

2955 4308 3043 4373 60
