3159 5259
2655 342 2788 407 25⁷

175 531 238 597 3.
282 528 414 596 Per
457 529 712 594 unicum
1635 542 1798 588 vera
1840 533 2262 607 peccatorum
2698 533 2783 595 25

279 638 499 696 natum
543 638 750 711 tuum,
1153 619 1167 625 ’
1635 625 2087 710 restitutioque

278 741 503 799 sancte
546 739 772 817 pater,
818 749 1040 796 veram
1635 730 1840 792 omnis
1874 730 2263 796 innocentiae

274 837 473 901 vitam
520 835 682 900 dans
727 833 812 899 ad
854 839 1158 913 mortem3
1636 838 1829 912 atque
1875 832 2234 896 sanctitatis

277 966 527 1034 Natura
575 967 684 1051 qui
1344 967 1422 1027 15
1634 930 1912 996 donator
1952 927 2228 999 eximlae.·

278 1080 344 1136 te
387 1070 612 1136 nostra
655 1071 931 1152 vestire,
1526 1095 1587 1158 6.
1627 1094 1770 1160 'ribi
1815 1097 2099 1161 creatori
2696 1101 2782 1165 30

277 1172 604 1257 ChriStOE,
651 1174 953 1257 dignatus
999 1191 1107 1257 0⁸2
1632 1198 1716 1261 sit
1757 1198 1926 1280 patri
1976 1199 2380 1281 principatus
2401 1247 2418 1282 ‚
2574 1178 2580 1184 ⁸

170 1337 232 1399 4.
275 1334 363 1399 Et
405 1354 549 1399 eam
591 1354 716 1418 pro
759 1335 1051 1418 peccatis
1636 1332 1779 1398 Tibi
1821 1334 2220 1420 redemptori

276 1437 570 1503 humanis
613 1439 786 1520 patri
831 1446 944 1502 tuo
1634 1435 1718 1497 sit
1761 1454 2036 1518 regnum
2078 1436 2241 1502 Jesu
2287 1435 2548 1502 Christo

278 1539 566 1604 obtulisti
611 1545 950 1622 acceptum
1338 1537 1424 1601 20

1528 1601 1588 1662 7.
1637 1594 2035 1680 spirituique

275 1661 344 1704 ¹¹¹
390 1640 793 1706 sacnfimum‘
1633 1700 2099 1765 sanctificatori
2699 1705 2783 1768 35

171 1805 233 1869 5.
280 1799 699 1868 Sanctissime
744 1803 1008 1888 spiritus

435 1905 447 1917 ,
606 1905 642 1919 ..
1634 1837 1721 1903 Et
1765 1838 2052 1904 cordium

277 1912 484 1987 patris
531 1905 803 1987 fihique,
1633 1939 2047 2003 illuminatori

277 2038 597 2104 Remissio
643 2041 919 2104 omnium
1631 2061 1873 2125 perpes
1918 2049 2229 2127 potestas.

343 2191 440 2246 Hs.
476 2208 546 2245 zu
580 2190 868 2246 Miinchen.
921 2189 1057 2246 Clm.
1098 2189 1285 2244 14083.
1344 2186 1382 2243 f.
1420 2191 1504 2245 19.
1559 2193 1625 2244 11
1663 2192 1859 2246 Jahrb.
1894 2193 1997 2249 mit
2032 2194 2297 2251 Neumen.

346 2279 448 2334 Die
481 2279 576 2334 Hs.
602 2279 708 2334 No.
733 2280 805 2333 66
839 2295 910 2333 zu
933 2278 1215 2349 Freiburg
1251 2293 1355 2333 aus
1393 2277 1518 2332 (lem
1546 2280 1614 2331 15
1636 2280 1829 2335 Jahrb.
1867 2281 2088 2337 enthfilt
2130 2282 2257 2337 eine
2294 2298 2499 2354 grosse
2524 2282 2784 2355 Sequens

171 2362 283 2424 auf
309 2367 417 2422 (len
451 2367 504 2421 h.
539 2366 697 2422 Geist
732 2365 790 2420 in
825 2368 896 2419 22
931 2366 1219 2420 Absfitzen
1252 2364 1367 2419 und
1401 2362 1459 2417 iu
1494 2364 1666 2420 Form
1701 2366 1816 2421 der·
1839 2366 2173 2438 Troparieu‚
2207 2369 2303 2424 die
2337 2369 2445 2425 mir
2470 2369 2778 2425 anderswo

167 2456 318 2511 noch
380 2456 535 2511 nicht
594 2454 1050 2527 vorgekommen.
1121 2453 1234 2507 Der
1284 2450 1667 2508 Abschreiber
1727 2455 2001 2510 verstand
2053 2456 2193 2511 aber
2255 2456 2348 2511 (lie
2415 2454 2785 2512 verwickelte

168 2542 423 2613 Sprache
460 2541 755 2597 ‹lerselben
790 2541 971 2609 nicht,
1026 2539 1140 2594 und
1173 2539 1395 2595 machte
1430 2539 1606 2594 daher
1644 2556 1712 2595 so
1749 2539 1898 2595 viele
1940 2541 2174 2612 Feliler‚
2224 2543 2357 2599 dass
2392 2544 2486 2599 ich
2518 2544 2677 2601 nicht
2709 2543 2786 2599 im

169 2629 385 2687 Stande
430 2628 526 2684 bin
543 2669 558 2697 ‚
611 2628 719 2684 (len
753 2627 898 2683 Text
930 2626 1032 2682 mit
1068 2626 1392 2683 Sicherheit
1425 2627 1807 2683 herzustellen
1843 2629 1959 2684 und
1990 2629 2138 2684 mich
2179 2629 2390 2687 darauf
2416 2632 2785 2702 beschrfinke,

167 2718 357 2791 einige
390 2715 924 2789 Anfang'sstrophen
959 2715 1084 2769 hier
1119 2731 1220 2768 zur
1257 2715 1497 2770 weitern
1532 2712 2007 2788 Nachforschung
2040 2718 2443 2776 mitzutheilen.

349 2809 399 2861 1.
434 2805 636 2875 Pater,
673 2804 745 2860 da
778 2819 884 2874 per
918 2802 1151 2857 verbum
1185 2802 1351 2858 nobis
1387 2799 1772 2873 septiformem
1808 2803 2097 2875 spiritum,

346 2897 397 2949 2.
433 2892 540 2962 Qui
587 2898 822 2964 septena
868 2890 1164 2963 signacula
1213 2890 1557 2961 consignans
1607 2890 1701 2959 (ἢ)
1756 2888 1954 2945 deceat
2000 2891 2067 2962 (l.
2118 2893 2354 2964 doceat)
2401 2908 2509 2950 nos
2557 2908 2780 2950 omnem

161 2980 450 3055 justitiam
485 2984 544 3034 et
579 2977 818 3034 devotos
853 2977 931 3048 (l.
968 2977 1277 3047 devotum)
1326 2991 1428 3033 cor
1463 2975 1716 3032 excitans
1752 2975 1811 3030 in
1844 2992 2046 3048 preces
2082 2980 2364 3049 provehat
2397 2995 2503 3050 per
2536 2979 2779 3035 beatitu—

169 3068 370 3124 dinem.

353 3157 405 3210 3.
440 3154 631 3211 Timor
665 3152 732 3224 (l.
768 3151 1006 3220 timore)
1054 3150 1262 3207 domini
1288 3150 1491 3223 judicii
1526 3150 1760 3206 clamem
1795 3165 2007 3206 summo
2035 3150 2240 3223 judicii
2275 3153 2342 3221 (1.
2375 3152 2621 3225 judici),
2672 3169 2780 3211 nos

171 3245 503 3317 prosternat
527 3241 801 3296 hactenus
827 3234 1055 3295 inflatos
1083 3241 1143 3293 et
1168 3235 1430 3306 rebelles,
1468 3236 1672 3292 reddat
1705 3236 1991 3308 supplices
2028 3242 2088 3292 et
2123 3237 2326 3309 spiritu
2358 3254 2641 3311 pauperes
2678 3246 2782 3298 etc.

349 3363 416 3418 V.
454 3364 537 3417 10.
591 3377 856 3418 recreare
890 3360 1073 3416 heisst
1106 3358 1262 3414 nicht
1296 3362 1584 3430 ergt‘itzem
1622 3359 1868 3415 sondern
1901 3359 2116 3415 wieder
2152 3360 2483 3432 erschafl'en,
2520 3363 2665 3419 deun
2690 3363 2785 3419 die

175 3450 466 3522 Erlosung
499 3466 628 3506 war
664 3449 787 3505 eine
822 3448 1025 3503 zweite
1062 3443 1414 3517 Schiipfung,
1449 3447 1562 3501 wie
1598 3446 1682 3501 sie
1717 3447 2035 3504 manchmal
2069 3455 2319 3520 genannt
2352 3449 2512 3505 wird.
2574 3449 2787 3508 Darum

178 3539 361 3595 heisst
397 3539 653 3596 Christus
691 3538 794 3593 der
828 3553 970 3592 neue
1005 3535 1199 3592 Adam.
1270 3535 1423 3590 Duas
1459 3534 1788 3591 nativitates
1826 3535 2099 3592 attendite
2113 3576 2129 3606 ,
2175 3537 2355 3593 Adam
2390 3542 2451 3593 et
2484 3537 2784 3608 Christum,

177 3626 291 3682 duo
329 3631 459 3681 sunt
494 3625 773 3692 homines,
828 3623 929 3678 sed
973 3640 1115 3678 unus
1162 3621 1414 3693 ipsorum
1462 3624 1632 3679 homo
1671 3624 1870 3691 homo,
1933 3623 2081 3679 alter
2117 3624 2367 3695 ipsorum
2412 3626 2579 3682 homo
2617 3625 2786 3695 deus3

174 3729 282 3785 per
336 3711 613 3768 hominem
666 3710 943 3766 hominem
998 3715 1331 3781 peccatores
1395 3726 1610 3780 sumus,
1674 3727 1777 3781 per
1830 3711 2110 3768 homiuem
2173 3713 2334 3769 deum
2387 3710 2782 3786 justificamur.
2839 3756 2847 3766 .

177 3801 450 3857 nativitas
503 3798 605 3854 illa
659 3796 868 3872 dejecit
919 3799 995 3854 ad
1045 3802 1311 3867 mortem,
1374 3797 1489 3852 ista
1541 3798 1812 3856 nativitas
1867 3799 2050 3856 erexit
2102 3801 2177 3856 ad
2221 3799 2411 3855 vitam.
2481 3801 2688 3870 Anqust.
2722 3798 2782 3853 in

180 3889 207 3949 1
239 3889 368 3947 Joh.
407 3893 474 3943 tr.
510 3889 561 3956 4,
601 3889 682 3941 11.

896 4091 1063 4165 199.
1115 4091 1337 4162 Horae
1392 4089 1479 4162 de
1520 4119 1576 4164 s.
1631 4106 2090 4170 sacramento.

1212 4266 1311 4336 ad
1357 4270 1752 4337 malamina&

694 4411 1009 4497 Corporis
1051 4416 1428 4496 mysterium
1471 4434 1692 4499 pange
1737 4415 2008 4497 gloriosi

701 4524 894 4599 atque
941 4514 1182 4580 Christi
1226 4518 1557 4600 sanguinis
1603 4519 1828 4600 lingua
1869 4518 2172 4601 pretiosi,

702 4638 892 4702 quem
937 4617 1003 4681 in
1048 4619 1267 4683 mundi
1308 4622 1587 4705 pretium
1630 4622 1878 4685 ventris
1923 4620 2230 4703 generosi

699 4723 946 4787 fructus
990 4719 1417 4805 damnumque
1462 4723 1772 4790 daemonis
1814 4723 1980 4790 fudit
2023 4725 2354 4790 venenosi.

266 4852 440 4906 Mene,
472 4851 638 4900 lateln.
672 4852 918 4908 Hymneu.
978 4852 1019 4898 1.
2279 4833 2368 4896 17
