3159 5259
131 484 251 556 ζωὴ
310 487 401 540 καὶ
447 486 581 549 ζωαὶ
610 488 701 540 καὶ
736 484 793 541 ὥν
827 486 919 541 καὶ
953 491 1080 562 τρία
1115 485 1290 559 φῶτα.
1343 489 1476 545 Dec.
1528 491 1579 546 6.
1634 491 1823 548 Dahcr
1874 496 2062 564 ΓίἱΙιῐῐ,
2117 497 2230 552 wic
2284 498 2432 554 oben
2483 499 2759 572 bomorkt,

131 575 291 631 auch
324 572 447 629 wel
483 574 573 630 die
610 575 936 649 Abbildung
971 578 1072 634 der
1106 578 1512 652 Dreicinigkeit
1545 580 1634 637 als
1671 584 1762 638 ein
1796 582 2149 639 strahlendes
2184 584 2437 641 Dreieck.

324 661 393 717 V.
432 666 513 717 11.
548 663 697 735 ignis
734 666 1006 737 geminus,
1043 666 1133 722 die
1159 667 1329 724 Liebe
1356 667 1554 724 Gottcs
1591 670 1705 725 und
1732 671 1831 726 des
1857 671 2174 742 Nichsten3
2207 671 2359 744 ignis
2385 678 2525 730 statt
2543 670 2755 730 fervor.

136 748 204 805 h
240 749 346 804 Nc.
380 751 471 818 20,
507 752 575 804 15
625 751 779 807 steht
825 750 998 808 dafiir
1043 754 1252 810 caritas
1300 755 1538 827 gemina.
1608 760 1873 832 Δωριεῦσι,
1919 760 1980 813 in
2027 775 2110 829 ep.
2159 758 2198 815 1.
2232 761 2359 815 Joh.
2408 765 2567 816 tract.
2618 762 2670 830 8,
2709 765 2755 818 1.

19 905 25 920 ·
136 836 378 893 &lectio
415 837 577 893 dulce
612 839 864 910 verbum,
901 839 1003 896 sed
1038 841 1254 898 dulcius
1293 840 1516 900 sactum.
1586 842 1710 904 Aut·
1737 845 1891 901 ‹liese
1926 845 2145 918 thitige
2171 846 2341 903 Liebe
2375 847 2600 905 bezieht
2633 848 2758 905 siclt

137 924 246 982 das
285 925 465 981 Wort
498 940 666 984 urere
701 926 778 981 im
813 926 1003 985 Texte.

1060 1212 1177 1289 18.
1250 1214 1368 1287 De
1417 1241 1474 1290 s.
1524 1218 1852 1291 trinitate.

138 1377 342 1470 Pater
356 1451 375 1487 ,
419 1409 679 1468 creator
724 1400 1033 1483 omnium,
1501 1402 1854 1470 Mandatus
1897 1425 1940 1469 a
1981 1402 2349 1470 criminibus

142 1504 398 1572 donans
443 1509 677 1570 cuncta
718 1522 840 1586 per
884 1501 1115 1585 filium,
1503 1504 1681 1580 dona
1722 1506 2026 1572 virtutum
2067 1504 2336 1571 floribus
2672 1506 2754 1571 10

141 1614 423 1691 accepta
466 1611 724 1670 nostros
767 1604 1043 1687 gemitus
1504 1616 1575 1673 et
1615 1609 1682 1672 in
1724 1609 2023 1693 polorum
2066 1607 2328 1676 sedibus

142 1730 271 1797 per
314 1711 490 1775 dona
533 1708 745 1774 sancti
784 1708 1063 1793 spiritus.
1314 1803 1325 1812 „
1503 1712 1626 1794 fac
1647 1712 1841 1797 jungi
1886 1731 2029 1777 cum
2071 1711 2389 1778 fidelibus.

142 1868 201 1936 0
246 1869 509 1935 unitatis
548 1868 806 1934 trinitas
1356 1871 1397 1933 5
1500 1865 1606 1933 Sit
1646 1869 1788 1933 laus
1830 1869 2006 1953 patri
2046 1888 2168 1953 per
2211 1869 2455 1936 meula
2527 1918 2538 1929 .

142 1979 215 2039 et
257 1973 559 2037 trinitatis
605 1969 853 2038 unitas!
1501 1989 1803 2055 agnoque
1847 1970 1987 2035 sine
2029 1972 2285 2039 macula

140 2094 270 2161 pro
316 2083 426 2140 tuo
471 2084 697 2142 sancto
741 2077 997 2142 nomine
1502 2083 1697 2158 atque
1743 2084 1970 2140 sancto
2015 2077 2296 2161 spiritui,
2666 2076 2750 2139 15

141 2181 424 2247 emunda
466 2200 586 2248 nos
633 2203 673 2248 a
714 2183 996 2249 crimine.
1500 2197 1631 2262 quo
1676 2199 2037 2245 mereamur
2077 2177 2343 2266 perfrui.
2416 2198 2622 2246 amen.

317 2367 597 2424 Daselbst.

321 2491 356 2541 5
393 2491 545 2545 steht
580 2489 767 2546 unitas
814 2490 928 2546 und
973 2491 1008 2545 6
1057 2489 1293 2546 trinitas.
1364 2490 1478 2544 Das
1531 2487 1828 2542 Versmass
1881 2484 2138 2545 forderte
2185 2492 2362 2548 achon
2410 2490 2500 2546 dic
2534 2489 2756 2550 Aende-

143 2592 306 2649 ως.
376 2579 411 2633 8
446 2579 650 2634 munda
685 2579 779 2634 Hs.
817 2579 1138 2636 veranlasst
1174 2580 1349 2636 durch
1385 2579 1487 2634 das
1523 2576 1795 2650 folgendc
1832 2576 2143 2634 mundatos.

319 2700 384 2756 V.
420 2705 470 2755 5.
505 2703 553 2757 6.
593 2702 720 2757 sind
756 2702 888 2758 sehr
924 2700 1062 2757 knrz
1099 2702 1509 2776 ausgedriickt3
1556 2700 1617 2755 in
1653 2700 1761 2755 den
1795 2700 2028 2758 Menien
2077 2700 2337 2770 (Januar.
2375 2701 2457 2757 Bl.
2493 2704 2562 2772 2)
2599 2701 2751 2758 wird

140 2788 246 2845 (las
280 2789 499 2861 Dogma
535 2807 603 2847 so
639 2789 1049 2848 umschriebcn:
1087 2788 1355 2848 πιστεύειν
1392 2791 1469 2852 εἰς
1502 2786 1704 2863 τριάδα
1733 2784 2029 2860 ὁμοούσιον
2055 2787 2113 2844 ἐν
2146 2788 2251 2862 μιᾷ
2278 2788 2517 2862 θεότητι.
2564 2789 2760 2846 Dahcr

140 2876 289 2932 auch
330 2875 504 2947 μονὰς
538 2874 926 2952 τριςαριθμός.
969 2877 1110 2932 Men.
1142 2877 1254 2934 Jul.
1289 2879 1374 2931 21.
1410 2876 1471 2931 In
1506 2874 1767 2947 personis
1805 2891 2060 2931 numerus
2098 2877 2366 2932 trinitatis
2404 2884 2515 2947 cst,
2563 2878 2623 2933 in
2655 2894 2761 2934 na·

142 2966 276 3018 tura
313 2962 497 3017 unitas
535 2961 861 3017 divinitatis.
917 2963 1133 3033 Greqor.
1180 2963 1251 3019 Μ.
1299 2964 1444 3018 hom.
1491 2963 1550 3016 in
1586 2979 1670 3017 ev.
1708 2965 1758 3032 1,
1797 2963 1881 3031 18,
1918 2965 1967 3017 3.
2050 2963 2208 3039 τριὰς
2240 2962 2506 3035 μοναδικῆ
2522 3004 2539 3030 ,
2573 2963 2754 3035 μονὰς

141 3048 372 3126 τριδική.
408 3050 533 3105 Jan.
567 3052 652 3106 29.
707 3049 881 3105 ἑνιαῖα
915 3046 1164 3122 ἄτμητος.
1202 3051 1331 3106 Dec.
1368 3052 1418 3105 6.
1487 3050 1662 3122 μονὰς
1699 3049 1755 3104 ἐν
1790 3047 1977 3125 τριάδι
2013 3053 2453 3123 προσκυνουμένη
2479 3053 2570 3104 καὶ
2593 3047 2756 3126 τριὰς

140 3142 221 3203 εἰς
253 3138 472 3212 μονάδα
511 3135 1062 3211 ἄνακεφαλαιουμένη.
1119 3139 1339 3218 Gregor.
1373 3140 1505 3196 Naz.
1543 3143 1688 3194 orat.
1728 3141 1795 3191 12
1832 3154 1884 3208 p.
1918 3136 2040 3190 204.

281 3228 348 3284 V.
384 3231 466 3282 12.
521 3224 717 3282 fideles
754 3227 981 3282 heissen
1013 3226 1137 3281 hier
1172 3226 1327 3282 nicht
1364 3227 1453 3281 die
1491 3226 1725 3298 Seligen
1761 3224 1837 3279 im
1863 3221 2126 3294 flimmel,
2182 3224 2425 3280 sondern
2460 3225 2551 3280 die
2587 3225 2759 3282 Glau-

142 3303 316 3387 bigen
369 3313 478 3371 auf
514 3316 728 3383 Erden,
792 3314 968 3369 deren
1001 3314 1245 3370 Vorbilcl
1289 3315 1402 3370 und
1437 3316 1651 3370 muster
1705 3314 1794 3369 die
1832 3312 2074 3384 Apostel
2128 3311 2266 3367 sind.
2339 3313 2403 3368 Si
2457 3314 2640 3370 credis
2693 3316 2754 3370 in

144 3403 424 3461 Christum
443 3444 457 3473 ‚
521 3395 803 3474 q'uomodo
851 3408 911 3458 et
957 3402 1210 3473 apostoli
1247 3402 1639 3472 crediderunt,
1705 3417 1871 3456 unum
1903 3417 2029 3458 cum
2065 3401 2149 3456 eis
2187 3401 2243 3458 in
2280 3399 2504 3461 Christo
2541 3418 2750 3474 corpus

144 3488 424 3548 efficieris.
480 3492 690 3548 Hieron.
729 3492 855 3548 adv.
889 3490 1081 3549 Jovin.
1114 3494 1167 3561 2,
1204 3493 1285 3546 29.

1165 3774 1281 3850 19.
1356 3776 1475 3848 De
1528 3773 1791 3856 eadem.

150 3948 414 4015 Genitor
458 3944 832 4026 ineffabiliS,
1502 3946 1608 4015 Ex
1653 3956 1717 4013 te
1762 3949 1917 4012 vitae
1961 3944 2371 4030 principium,

148 4056 346 4140 ipsius
389 4052 612 4137 proles
652 4050 912 4136 parilis,
1502 4071 1626 4136 per
1670 4059 1736 4115 te
1780 4052 1932 4115 vitae
1976 4047 2356 4130 remedium,
2676 4048 2759 4113 10

148 4157 462 4244 paraclite
510 4154 852 4221 consimilis
1502 4154 1570 4218 in
1616 4163 1682 4219 te
1727 4154 1881 4219 vitae
1927 4155 2254 4232 solatium,

149 4267 467 4329 memento
512 4261 665 4326 vitae
710 4258 993 4343 fragilis!
1504 4258 1592 4324 da
1631 4259 1821 4324 nobis
1863 4259 2017 4323 vitae
2055 4253 2410 4344 praemium.

20 4447 57 4485 μ
150 4416 348 4484 Proni
393 4433 609 4479 sumus
654 4425 719 4482 et
761 4417 992 4483 labiles
1360 4416 1400 4479 5
1502 4413 1684 4480 Patri
1723 4431 1866 4479 cum
1909 4409 2238 4493 unigenito

156 4532 223 4588 et
264 4521 348 4588 ad
390 4520 793 4606 peccandum
834 4520 1105 4608 fragiles
1122 4567 1143 4605 ,
1505 4527 1575 4585 et
1620 4517 1848 4604 spiritu
1890 4516 2210 4602 paraclito
2271 4605 2282 4618 ⁸

155 4633 265 4694 tua
302 4626 745 4692 misericordia
1303 4639 1319 4655 ·
1504 4622 1594 4687 sit
1634 4619 1944 4704 majestas
1987 4627 2055 4686 et
2083 4619 2324 4703 gloria,
2675 4621 2758 4684 15

156 4747 274 4798 nos
315 4731 525 4800 salvet
568 4750 611 4800 a
651 4729 924 4799 miseria.
1508 4733 1801 4815 potestas
1846 4732 1913 4795 et
1953 4724 2246 4794 victoria.
2307 4741 2513 4792 amen.
