3159 5259
1399 531 1499 601 ad
1528 532 1820 626 primas.

651 677 920 746 Goenam
964 697 1111 743 cum
1158 678 1490 762 discipulis
1540 679 1806 744 affectat
1850 697 2113 744 coenare
2128 726 2148 759 ‚

650 783 965 867 exemplis
1010 782 1412 848 sermonibus
1458 783 1641 865 ipsos
1684 782 2069 864 informare,

647 907 883 972 panem
926 886 994 949 iu
1039 885 1464 950 substantiam
1510 885 1726 951 carnis
1769 885 2265 968 transformare,

650 995 870 1056 vinum
915 991 981 1054 in
1026 991 1372 1054 essentiam
1417 990 1751 1073 sanguinis
1794 998 2062 1054 mutare.

1411 1186 1511 1255 ad
1562 1148 1823 1257 tertias.

650 1332 881 1417 Fregit
923 1352 1159 1419 panem
1203 1332 1525 1415 dixitque:
1575 1333 1744 1418 „hoc
1790 1339 1892 1397 est
1935 1350 2173 1416 corpus
2216 1328 2503 1417 meum,“

653 1438 923 1503 calicem
969 1438 1296 1521 accipiens
1341 1437 1678 1503 benedixit
1723 1456 1869 1501 eum

658 1550 725 1605 et
772 1542 1024 1625 „ipsum
1069 1536 1420 1624 accipite“,
1467 1541 1666 1621 dixit3
1711 1559 1867 1605 ecce
1913 1540 2105 1603 deum

656 1646 766 1728 qui
809 1643 1073 1726 indigne
1118 1645 1491 1728 sumpserit,
1539 1644 1777 1707 sentiat
1822 1662 1899 1707 se
1941 1663 2141 1708 reum.

1398 1837 1498 1907 ad
1558 1844 1818 1909 sextas.

653 1985 740 2052 Et
783 1988 1144 2070 quicunque
1187 2006 1423 2072 panem
1467 1987 1640 2052 hunc
1686 1987 1880 2051 dente
1927 1985 2373 2069 manducabit,

652 2098 764 2154 aut
809 2090 1172 2171 quicunque
1219 2089 1488 2154 calicem
1533 2091 1867 2172 sanguinis
1911 2091 2195 2175 potabit,

653 2201 926 2258 mortem
973 2191 1078 2256 dei
1124 2192 1240 2257 filii
1283 2192 1392 2257 hic
1436 2195 1838 2259 annuntiabit

653 2304 721 2361 et
763 2297 1146 2362 monstrabit
1190 2296 1491 2381 firmiter,
1541 2298 1751 2362 donec
1795 2297 2127 2363 remeabit.

1412 2494 1513 2564 ad
1563 2510 1808 2564 noua-54

650 2638 772 2718 Qui
816 2639 1078 2724 indigne
1125 2644 1500 2727 sumpserit,
1546 2642 1756 2709 factus
1804 2644 1928 2708 erit
1972 2661 2124 2707 reus

651 2744 948 2827 corporis
994 2754 1059 2808 et
1105 2746 1469 2829 sanguiniS,
1519 2767 1707 2829 quem
1758 2746 1982 2812 effudit
2028 2745 2220 2828 deus,

652 2846 802 2912 dum
847 2847 1014 2913 latus
1061 2851 1316 2933 aperuit
1357 2851 1561 2933 ipsius
1607 2849 1914 2933 Judaeus‚

651 2950 802 3014 dum
855 2947 1068 3034 „beli“
1117 2953 1525 3034 clamaverit,
1571 2954 1699 3017 hoc
1743 2962 1873 3036 est,
1919 2951 2080 3017 deus
2124 2970 2325 3017 meus.

1346 3146 1446 3215 ad
1495 3168 1847 3243 vesperas.
1938 3182 1945 3189 ·

640 3293 928 3360 Verbum
974 3313 1131 3361 caro
1181 3296 1416 3360 factum
1464 3305 1564 3359 est
1606 3297 1795 3379 panis
1833 3296 2189 3378 gloriosae,

649 3399 865 3463 vinum
914 3401 1179 3482 sanguis
1225 3400 1464 3464 sactum
1509 3408 1611 3462 est
1656 3398 1899 3462 Christi
1942 3401 2268 3482 gratiosus
2280 3448 2298 3483 ,

647 3502 922 3566 traditur
968 3500 1300 3586 discipulis
1345 3504 1527 3568 cibus
1571 3504 1915 3586 pretiosus,

647 3604 756 3688 qui
799 3604 1144 3670 manducat
1189 3605 1541 3687 dominum,
1590 3624 1821 3668 servus
1868 3606 2229 3671 timorosus.

1284 3798 1385 3867 ad
1436 3794 1904 3893 completoria.

640 3942 846 4009 Justis
895 3953 962 4009 et
1006 3945 1305 4011 fidelibus
1348 3947 1440 4011 ita
1483 3946 1938 4028 manducatur,

644 4046 762 4110 sed
810 4050 893 4112 ob
940 4048 1068 4114 hoc
1114 4051 1182 4112 in
1226 4050 1441 4131 aliquo
1490 4069 1813 4133 nunquam
1855 4049 2213 4133 laceratur,

643 4159 817 4216 totus
860 4152 926 4215 in
973 4153 1295 4235 particula
1340 4153 1672 4218 confracta
1716 4161 2037 4236 moratur,

639 4255 969 4336 aliquanta
1014 4257 1234 4340 specie
1281 4255 1440 4320 dens
1488 4256 1866 4321 occultatur.

637 4422 777 4487 Has
821 4425 1018 4490 horas
1065 4426 1160 4491 sic
1203 4426 1425 4491 recolo
1470 4427 1584 4512 pia
1627 4427 1879 4491 ratione

641 4528 759 4594 tibi
804 4548 1041 4613 corpus
1089 4531 1325 4595 domini
1339 4580 1357 4613 ,
1403 4539 1474 4594 ut
1518 4530 1930 4597 confessione

643 4637 957 4699 contritus
1004 4645 1070 4701 et
1113 4637 1366 4720 praevia
1411 4637 1857 4703 satisfactione

636 4737 894 4802 valeam
939 4746 1004 4804 te
1050 4739 1324 4805 credere
1371 4758 1514 4806 cum
1559 4741 1926 4809 devotione.

2837 1437 2922 1501 10

2839 2194 2922 2258 15

2827 3947 2917 4010 25

2832 4530 2921 4596 30
