3159 5259
362 226 494 293 1⁰4

360 771 616 856 Plange
662 769 825 837 Sion
870 771 1035 853 filia,

360 877 513 942 leva
557 877 904 961 supercilia
917 923 936 952 ‚

447 980 601 1047 vide
647 981 823 1066 pium
864 979 1137 1046 ‚lhesum

359 1105 485 1170 per
526 1090 791 1169 pectus,
833 1104 958 1168 per
1000 1082 1145 1166 ilia,

360 1206 485 1273 per
527 1188 817 1251 membra
862 1183 1133 1269 gracilia

447 1289 883 1372 vulneratum,
926 1289 1154 1353 laesum

447 1395 868 1487 graviterque
911 1412 1169 1461 caesum.

359 1583 609 1651 Patitur
643 1582 897 1667 justitia

358 1707 589 1774 poenas
635 1696 703 1752 et
746 1687 1066 1771 supplicia

446 1792 629 1857 falsis
675 1813 717 1856 a
758 1791 1043 1873 sadonis,

362 1896 472 1978 qui
515 1903 611 1959 tot
655 1894 978 1960 beneficia

359 2006 585 2081 totque
628 2001 836 2064 verba
880 1997 1058 2062 mitia

447 2099 828 2165 conferebat
872 2100 969 2164 eis

450 2203 612 2268 dirae
656 2204 878 2267 mortis
923 2202 1073 2267 reis.

360 2392 890 2479 operationibus,

359 2500 581 2565 verbis
627 2507 694 2563 et
740 2497 1140 2562 sermonibus

446 2601 625 2663 clare
670 2599 982 2680 radiavit,

358 2712 575 2768 tamen
620 2710 722 2766 est
765 2701 1122 2766 latronibus

357 2824 480 2890 par
523 2805 590 2869 in
638 2804 1077 2889 passionibus,

446 2909 597 2975 dum
641 2928 898 2975 crucem
944 2908 1262 2991 portavit,

445 3031 575 3097 qua
617 3031 738 3078 nos
782 3012 1100 3077 liberavit.

359 3204 653 3288 Triginta
699 3203 981 3268 denariis

359 3328 400 3373 a
445 3308 604 3370 viris
647 3306 912 3370 nefariis

448 3411 677 3474 emitur
718 3429 843 3473 rex
888 3409 1035 3474 coeh’
1052 3455 1070 3491 ,

357 3514 583 3580 subest
624 3513 834 3597 poenis
876 3513 1109 3593 variis,

356 3614 592 3681 mundo
638 3612 1027 3679 necessariis
1047 3660 1064 3694 ‚

441 3721 508 3784 in
552 3727 758 3784 morte
807 3715 1054 3784 crudeli

441 3828 543 3892 bis
589 3822 918 3891 clamavit:
969 3820 1178 3907 „hem
1200 3812 1234 3851 α

356 4016 627 4097 Quando
673 4015 775 4083 sol
821 4012 1226 4079 clementiam

355 4122 518 4187 vidit
555 4119 991 4205 pestilentiam

443 4225 582 4309 pati
624 4225 845 4289 mortis
890 4223 1051 4287 ferae
1070 4268 1090 4302 ‚

346 4327 491 4413 jam
533 4328 694 4392 lucis
738 4325 1156 4411 praesentiam

356 4431 589 4497 clausit
606 4477 623 4509 ‚
666 4429 1041 4494 violentiam

440 4535 751 4618 nequiens
796 4533 1056 4614 videre,

443 4660 636 4729 quam
678 4639 888 4711 Jhesu
930 4637 1173 4707 fecere.

1533 1789 1616 1853 10

1531 2389 1613 2452 15

1525 2904 1610 2969 20

1528 3509 1612 3573 25

1525 4115 1610 4178 30

1522 4636 1606 4704 35

1293 549 1417 627 81.
1497 550 1616 624 De
1665 553 2015 651 passione.

1721 774 1940 841 'renus
1985 722 2383 839 horribiliter

1890 875 2079 959 (fehlt
2120 875 2153 942 1
2208 874 2413 959 Vera)

1801 979 2058 1064 lapides
2103 987 2438 1062 secantur,

1719 1083 2035 1167 rumpitur
2078 1081 2372 1145 similiter
2485 1078 2494 1087 '

1720 1187 1937 1253 velum
1980 1185 2321 1250 visibiliter
2335 1232 2353 1269 ,

1809 1291 2047 1355 tumbae
2091 1294 2493 1372 reserantur,

1806 1393 2040 1460 mortui
2083 1401 2425 1477 vagantur.

1722 1582 2092 1651 Condolent
2134 1582 2399 1667 flagitiis

1720 1698 1789 1755 et
1837 1688 1944 1754 dei
1988 1688 2260 1753 tristitiis

1809 1808 2031 1856 omnes
2076 1797 2428 1872 creaturae,

1720 1893 1840 1958 sed
1888 1902 2105 1958 manet
2147 1893 2214 1957 in
2248 1893 2421 1957 vitiis

1719 1997 1978 2065 subdita
2023 1996 2271 2062 duritiis

1805 2117 1970 2181 gens
2016 2098 2289 2163 cervicis
2336 2098 2535 2182 durae3

1805 2220 1934 2266 non
1982 2209 2081 2265 est
2126 2202 2247 2267 sibi
2293 2220 2486 2267 curae.

1718 2394 1912 2460 Dolet
1955 2395 2427 2478 maternaliter‚

1718 2498 1899 2564 dolet
1941 2498 2351 2564 visceraliter

1803 2612 2011 2669 mater
2057 2603 2430 2686 benedicta,

1719 2709 1869 2774 dum
1912 2709 2365 2774 universaliter

1715 2815 2003 2878 membra
2048 2813 2250 2895 prolis
2297 2813 2515 2877 taliter

1805 2914 2036 3001 aspicit
2079 2913 2320 2979 afflicta

1710 3072 1716 3076 ,
1804 3025 1872 3081 et
1915 3016 2194 3100 flagellis
2240 3017 2386 3082 icta.

1723 3208 1867 3273 Hoc
1908 3208 2213 3272 intactum
2259 3206 2459 3273 lilium

1721 3312 1861 3396 pati
1904 3310 2134 3374 videns
2178 3309 2378 3375 filium

1808 3413 1948 3495 flet,
1993 3419 2063 3477 ut
2106 3420 2314 3477 mater
2358 3413 2555 3497 solet,

1719 3517 1870 3582 hinc
1914 3515 2101 3580 adest
2145 3517 2476 3583 consilium

1716 3617 2098 3685 Judaeorum
2143 3620 2360 3683 vilium
2377 3666 2396 3701 ,

1803 3722 1956 3787 hinc
1999 3722 2332 3788 Johannes
2377 3722 2574 3805 dolet,

1805 3826 1951 3912 quis
1998 3827 2287 3910 gaudere
2332 3829 2561 3895 volet?

1718 4013 1952 4100 Cuspis
1987 4017 2345 4084 arundinea

1717 4138 1862 4186 cum
1907 4137 2151 4185 corona
2196 4123 2425 4206 spinea

1805 4241 1995 4289 sacra
2039 4227 2326 4290 membra
2369 4228 2574 4310 forat,

1717 4326 2043 4392 fundatori
2086 4329 2279 4392 vinea

1716 4432 1870 4497 vina
1916 4431 2028 4496 dat
2071 4433 2431 4516 sanguinea

1803 4543 2160 4619 naturaque
2196 4538 2413 4621 plorat
2430 4588 2447 4623 ,

1805 4639 1956 4711 dum
1998 4641 2242 4712 Jhesus
2286 4644 2564 4715 laborat.

2890 1788 2979 1852 45

2891 2917 2985 2985 55

2887 3523 2982 3590 60

2889 4125 2984 4190 65

2886 4632 3002 4715 το·
