3159 5259
2725 261 2818 346 21

208 454 408 512 bisher
443 455 654 527 miger
688 454 889 511 Weiss
924 454 1012 510 alu
1048 448 1461 508 Verminae
1496 448 1598 504 dm
1633 448 2010 519 sapphisclm
2036 447 2251 506 nam
2277 450 2600 522 angesehen
2618 489 2634 519 ,
2688 461 2820 504 was

200 544 294 606 sie
329 543 485 599 nicht
521 543 647 599 sind
661 583 675 610 ,
737 543 851 599 und
884 545 1097 599 Areva&
1141 536 1446 611 hymnodia
1493 536 1786 606 hispanica
1832 551 1884 607 p.
1923 538 2041 592 114.
2089 542 2226 610 sagt
2272 531 2449 596 daher
2482 553 2597 593 von
2633 535 2819 594 einen

206 631 458 701 Hymnus
494 630 594 686 des
629 630 682 684 h.
719 629 1015 698 Bernhart,
1050 627 1154 681 der
1190 625 1401 682 ebenso
1438 623 1653 696 gabant
1685 623 1779 692 ist,
1811 623 1915 677 mit
1948 623 2221 680 Unrecht:
2256 624 2433 694 multi,
2469 639 2592 679 cum
2618 623 2822 693 despe-

200 722 417 786 ruent,
453 716 698 772 servati·
734 716 996 772 carminis
1030 713 1248 785 regulis
1284 728 1505 769 sensum
1540 710 1743 781 pietati
1777 710 2191 766 accommodari
2215 727 2404 781 posse,
2440 711 2598 766 illam
2624 716 2822 766 tenne·

203 809 340 862 runt
373 804 539 871 viam,
574 808 639 859 ut
672 820 959 858 numerum
993 802 1360 873 syllabarum,
1396 798 1491 869 qui
1518 798 1706 856 cantui
1731 798 1965 854 idoneus
1993 802 2160 867 esset,
2193 800 2518 868 retinerent,
2552 798 2820 854 metricas

203 892 372 962 leges
409 891 631 962 penitus
668 893 1099 946 contemnerent.
1166 889 1323 943 Denn
1372 887 1463 942 die
1496 887 1706 943 Metrik
1752 886 1853 942 der
1889 887 2181 956 Quantitat
2213 888 2314 944 hat
2346 887 2550 945 keinen
2583 888 2822 960 Vorzng

202 992 317 1035 vor
343 978 514 1051 jener
529 1017 544 1048 ,
582 979 671 1033 die
706 975 814 1034 auf
842 979 943 1035 der
978 979 1276 1050 Betonum
1315 977 1530 1033 nerunt.

387 1115 453 1172 V.
490 1117 537 1170 5.
591 1113 773 1187 firma,
808 1115 1147 1173 nntheilbar.
1214 1115 1342 1189 Vgl.
1382 1115 1627 1171 dariiber
1662 1116 1765 1172 No.
1807 1118 1890 1185 15,
1930 1117 2012 1171 13.

380 1220 445 1275 V.
481 1222 515 1276 9
552 1221 773 1277 creasti.
826 1223 897 1275 10
931 1227 1220 1278 creaturoe.
1289 1222 1387 1278 Sic
1435 1227 1524 1276 est
1571 1222 1709 1276 deus
1756 1238 1859 1293 per
1906 1225 2109 1280 cuncta
2157 1216 2390 1275 diffusus
2410 1259 2425 1289 ,
2479 1222 2544 1274 ut
2590 1232 2704 1273 non
2739 1214 2822 1276 sit

204 1308 452 1380 qualitas
506 1308 693 1363 mundi
710 1349 724 1378 ‚
800 1309 902 1362 sed
953 1308 1268 1363 substantia
1320 1307 1564 1378 creatrix
1617 1307 1805 1362 mundi
1823 1347 1838 1378 ,
1902 1308 2021 1362 sine
2073 1306 2275 1364 labore
2328 1321 2535 1378 regens
2588 1310 2647 1361 et
2694 1304 2824 1360 sine

204 1412 380 1453 onere
417 1397 707 1453 continens
743 1398 1017 1452 mundum.
1069 1398 1332 1468 Auyustm.
1369 1410 1456 1466 ep.
1495 1394 1616 1463 187,
1656 1396 1738 1449 13.

1115 1730 1230 1807 13.
1307 1732 1423 1804 De
1475 1757 1532 1803 s.
1584 1731 1913 1803 trinitate.

207 1917 539 1987 Trinitatis
590 1917 915 1983 altissimae
1567 1919 1897 1986 Coaeterni
1940 1925 2088 1983 sunt
2129 1916 2385 2002 penitus

338 2031 725 2087 venerantes
769 2021 1143 2107 mysterium
1699 2031 1765 2089 et
1810 2022 2097 2106 aequales
2139 2040 2261 2105 per
2305 2020 2548 2102 omnia,

207 2128 371 2193 deus
416 2135 591 2192 tuum
632 2127 916 2212 piissime
1564 2134 1790 2214 pater,
1835 2129 2105 2192 verbum
2149 2132 2215 2189 et
2258 2123 2520 2208 spiritus

341 2229 708 2316 flagitamus
753 2229 1074 2296 auxilium.
1699 2249 1829 2294 una
1870 2228 2145 2314 simplex
2189 2225 2561 2292 substantia.
2729 2227 2825 2294 2⁰

210 2384 265 2451 0
310 2384 419 2451 lux
460 2400 580 2446 nos
628 2382 821 2447 beans
866 2385 1143 2464 trinitas,
1422 2382 1462 2445 5
1570 2380 1859 2465 Singulis
1904 2390 2007 2447 est
2045 2383 2113 2447 in
2153 2383 2420 2465 reliquis

338 2487 593 2552 bonitas
637 2482 1045 2567 indeficiens,
1314 2511 1315 2514 ¹
1700 2493 1778 2550 et'
1812 2483 2034 2551 omnes
2078 2493 2227 2552 sunt
2268 2485 2601 2570 identitas,

206 2591 276 2664 in
321 2610 449 2673 qua
493 2598 627 2654 tres
671 2609 800 2655 una
843 2587 1054 2652 deitas
1568 2601 1639 2658 et
1683 2594 1794 2658 ubi
1836 2591 2066 2660 horum
2109 2592 2338 2675 aliquis
2355 2638 2376 2673 ‚

94 2684 101 2693 ⁸
341 2712 415 2757 se
460 2701 661 2758 totam
705 2692 847 2756 sola
891 2692 1172 2776 capiens.
1699 2696 1834 2761 illio
1873 2703 1977 2762 est
2019 2701 2160 2760 tota
2202 2694 2472 2759 trinitas.

210 2847 410 2916 Pater
455 2848 537 2911 de
582 2867 655 2911 se
698 2848 1015 2931 principio
1550 2846 1818 2928 ,Arcani
1857 2849 2020 2913 tanti
2063 2847 2351 2914 latebras
2731 2846 2830 2912 25

174 2945 182 2953 '
346 2968 527 3014 suam
572 2951 782 3032 gignit
826 2950 1165 3031 imaginem
1183 2993 1201 3030 ‚
1382 2949 1462 3011 10
1504 3011 1508 3018 ,
1696 2951 1928 3015 mentis
1970 2968 2102 3013 non
2146 2949 2321 3031 capit
2361 2948 2559 3030 visio,

212 3053 392 3118 nullo
437 3057 655 3115 tamen
692 3050 872 3113 initio
1536 3107 1540 3114 .
1569 3053 1691 3116 sed
1733 3053 1877 3116 sola
1917 3053 2172 3134 pellens
2213 3052 2520 3115 tenebras

343 3156 515 3220 hanc
558 3153 854 3242 procedit
899 3152 1229 3234 originem.
1702 3153 1866 3218 fides
1911 3162 1978 3219 et
2021 3153 2265 3217 docens
2307 3152 2544 3217 unctio.

214 3309 324 3381 Ab
369 3318 615 3375 aeterno
660 3305 1023 3392 procedere
1570 3311 1879 3380 Nostrum
1922 3330 1961 3378 0
2006 3313 2118 3377 lux
2160 3310 2451 3376 veridica

348 3415 430 3479 de
473 3415 599 3478 illis
643 3413 877 3477 flamen
922 3410 1244 3494 ereditur,
1703 3416 1800 3480 sic
1840 3434 2054 3498 purga
2096 3414 2327 3502 ment-1}
2372 3412 2662 3494 oculum,
2732 3410 2826 3477 30

216 3518 393 3603 quod
437 3517 737 3600 largifluo
782 3537 1046 3583 munere
1385 3513 1465 3577 15
1572 3525 1643 3584 ut
1685 3537 1855 3584 nunc
1899 3526 2126 3583 cernat
2167 3517 2314 3583 haec
2353 3516 2633 3600 mystica

350 3623 708 3687 amantibus
751 3620 1118 3686 infunditur.
1704 3630 1771 3686 et
1812 3621 1880 3685 in
1921 3641 2209 3706 perenne
2254 3621 2577 3686 sacculum.

401 3823 788 3879 Reichenauer
834 3822 926 3876 Hs.
975 3822 1079 3879 No.
1116 3825 1203 3879 36.
1248 3823 1332 3879 Bl.
1368 3824 1450 3878 44.
1522 3822 1636 3878 Der
1669 3822 1815 3877 Vers
1851 3825 1885 3877 5
1933 3821 2010 3877 ist
2055 3837 2158 3877 aus
2195 3821 2321 3877 dem
2355 3821 2604 3893 Hymnus
2641 3820 2688 3879 0
2724 3818 2834 3908 lux

215 3911 394 3968 beata
429 3911 653 3966 trinitas
690 3909 958 3966 entlehnt.
994 3911 1189 3967 Daniel
1221 3913 1273 3982 1,
1306 3912 1391 3966 36.

397 4053 465 4108 21
504 4050 555 4105 d.
590 4050 642 4104 h.
679 4049 917 4121 singulis
954 4050 1214 4122 personis
1249 4051 1396 4106 idem
1431 4057 1520 4108 est
1554 4051 1622 4109 in·
1647 4051 1880 4124 reliquis
1917 4052 2185 4109 omnibus.

402 4170 468 4225 V.
504 4172 552 4227 6.
605 4173 847 4242 bonitas,
885 4174 1060 4230 daher
1095 4171 1371 4251 τρισὴλιος
1402 4172 1588 4250 χάρις.
1638 4176 1773 4245 Apr.
1811 4177 1892 4228 11.

400 4258 466 4314 V.
503 4262 551 4314 9.
598 4262 928 4333 principium
964 4264 1083 4318 sine
1109 4264 1388 4335 principio
1424 4263 1582 4319 solus
1618 4268 1782 4334 pater
1819 4268 1920 4317 est.
1956 4261 2216 4331 Auqnsein.
2245 4258 2313 4313 de
2342 4257 2538 4329 genesi
2565 4257 2639 4314 ad
2663 4257 2748 4314 lit.
2775 4259 2835 4315 6.

225 4344 455 4405 Nullum
491 4346 643 4403 aliud
676 4351 848 4406 habet
881 4353 1169 4425 negotium
1202 4369 1344 4409 vera
1377 4358 1463 4423 et,
1499 4358 1563 4408 ut
1596 4351 1678 4407 ita
1715 4353 1909 4422 dicam,
1947 4362 2217 4423 germana
2250 4346 2626 4420 philosophia,
2665 4363 2838 4428 quam

225 4440 292 4492 ut
327 4433 557 4504 doceat,
612 4438 761 4507 quod
795 4439 870 4494 sit
907 4441 1147 4496 omnium
1182 4457 1368 4496 rerum
1402 4440 1734 4516 principium
1768 4440 1889 4494 sine
1923 4436 2227 4510 principio,
2284 4441 2630 4507 quantusque
2663 4435 2721 4490 in
2759 4452 2836 4498 eo

228 4527 456 4580 maneat
490 4523 835 4594 intellectus,
874 4529 1076 4599 quidve
1117 4529 1247 4584 inde
1281 4528 1338 4583 in
1375 4535 1629 4584 nostram
1662 4527 1900 4583 salutem
1935 4528 2055 4582 sine
2092 4526 2211 4581 ulla
2248 4522 2681 4595 degeneratione
2717 4538 2840 4577 ma-

226 4612 476 4666 naverit:
543 4627 704 4684 quem
756 4631 920 4670 unum
968 4617 1128 4672 deum
1175 4617 1614 4686 omnipotentem
1648 4631 1879 4686 eumque
1913 4614 2274 4687 tripotentem
2310 4617 2529 4683 patrem
2564 4615 2624 4666 et
2655 4605 2846 4668 filim

229 4703 291 4758 et
324 4701 579 4776 spiritum
612 4707 867 4764 sanctum
899 4706 1103 4768 docent
1136 4705 1458 4766 veneranda
1488 4703 1776 4781 mysteria„
1827 4704 2088 4782 Anqustin.
2123 4703 2196 4766 de
2229 4699 2348 4762 ord·
2382 4703 2436 4776 2,
2471 4697 2560 4755 16-
