3159 5259
2705 314 2835 382 18⁸

410 486 478 541 V.
511 486 694 541 2—6.
743 485 966 556 ἄνομον.
1009 486 1080 540 Μ.
1127 486 1272 542 hon.
1317 486 1378 543 iu
1421 500 1511 545 ev.
1557 492 1610 557 1,
1646 491 1732 559 itt,
1767 492 1823 545 ὅ.
1866 491 1967 547 hut
2013 489 2281 565 fulgendo
2329 496 2679 568 Anordnng
2725 496 2829 551 der

217 573 483 646 seligam:
521 573 827 645 hymnidici
861 574 1194 646 angelornm
1230 575 1410 643 cheri,
1443 578 1758 647 prophetae,
1794 580 2063 650 apostoli,
2098 588 2410 652 martyres,
2448 581 2829 655 confessores,

216 662 326 716 viri
344 704 360 731 ‚
409 662 705 731 mulieres,
754 661 944 733 pueri,
994 678 1173 717 senes.
1242 663 1402 718 Mehr
1439 664 1685 721 dariiber
1720 665 1813 721 bei
1850 665 1958 720 den
1994 667 2230 723 Liedern
2267 667 2376 724 auf
2402 670 2517 725 ulie
2552 672 2833 743 Heiligeu.

394 767 457 821 V.
495 769 542 823 9.
597 772 876 840 purgetur
924 768 1131 823 crimen
1144 809 1158 837 ,
1222 768 1359 823 weil
1405 769 1500 824 bei
1549 770 1651 826 ἀοι·
1684 768 1863 826 Taufe
1900 771 1958 826 in
1997 772 2102 828 den
2143 771 2410 831 friiheren
2447 776 2643 833 Zeiten
2680 775 2832 832 viele

214 858 599 918 Brwachsene
636 872 859 925 waren,
922 856 1064 911 aher
1107 872 1171 911 es
1207 855 1317 927 gnt
1350 858 1496 911 auch
1530 854 1628 913 ffir
1661 857 1753 913 die
1788 858 2171 916 Kindertaufe.
2242 862 2309 918 Si
2345 878 2467 918 cum
2502 864 2662 919 nullo
2698 879 2835 936 peo-

216 954 348 1007 cato
387 947 694 1015 nascimur,
760 945 893 1017 quid
928 950 1045 1014 est,
1108 946 1260 1016 quod
1297 960 1420 1001 cum
1456 945 1764 1004 infantibus
1800 947 1873 1003 ad
1908 946 2243 1020 baptismum
2280 951 2550 1020 curritur,
2613 956 2678 1007 ut
2712 950 2831 1008 sol·

219 1037 435 1093 vatur?
505 1037 711 1106 Amyn-51.
750 1035 809 1089 in
845 1035 869 1090 1
902 1035 1030 1090 Joh.
1065 1038 1230 1089 tract.
1265 1036 1317 1104 t,
1358 1036 1440 1088 11.

400 1141 466 1197 V.
503 1143 586 1195 13.
636 1146 918 1196 recentem
955 1139 1228 1211 parturit,
1267 1138 1442 1194 daher
1480 1144 1655 1194 neunt
1688 1141 1950 1211 Augu-stin.
1988 1141 2045 1195 in
2080 1140 2248 1196 IJoh.
2287 1146 2354 1196 tr.
2390 1142 2499 1212 6,6
2533 1141 2622 1196 die
2650 1138 2831 1199 Taufe

216 1234 633 1287 sacramentum
669 1226 1013 1294 nativitatis,
1077 1227 1189 1282 und
1228 1228 1471 1298 Cypriam
1508 1244 1594 1298 ep.
1634 1229 1681 1281 1.
1717 1226 1962 1282 secunda
1997 1228 2294 1297 nativitas,
2350 1229 2491 1284 nach
2526 1230 2654 1286 Joh.
2692 1232 2744 1299 3,
2781 1233 2831 1284 5.

216 1317 319 1374 Die
355 1317 475 1372 alte
510 1312 1181 1386 Abschwiirungsformel
1215 1314 1310 1371 bei
1344 1314 1445 1370 der
1472 1311 1650 1368 Taufe
1678 1313 1891 1370 lautete
1919 1315 2030 1369 wie
2059 1315 2205 1370 noch
2223 1314 2398 1387 jetzt:
2438 1312 2833 1389 ἀποτάσσομαί

215 1425 309 1461 σοι
344 1402 588 1471 amarti,
635 1405 728 1458 καὶ
763 1400 827 1476 τῇ
861 1399 1056 1474 πομπῇ
1090 1421 1223 1469 σου,
1270 1404 1360 1457 καὶ
1397 1399 1464 1476 τῇ
1498 1403 1719 1477 impetu
1756 1421 1876 1459 σου.
1932 1402 2185 1473 Chry-5031.
2223 1402 2297 1456 ad
2334 1401 2505 1456 illum.
2544 1407 2651 1458 cat.
2686 1407 2737 1472 2,
2774 1405 2828 1458 4.

392 1507 462 1567 V.
499 1510 585 1563 14.
630 1505 792 1574 fons,
848 1510 916 1560 15
954 1523 1138 1562 cruor.
1226 1506 1362 1562 Dies
1407 1506 1554 1562 wird
1608 1506 1880 1563 erliiutert
1933 1506 2110 1561 durch
2165 1504 2433 1578 folgende
2488 1505 2670 1562 Stelle
2725 1506 2830 1563 der

213 1596 455 1653 Benaci!
502 1594 660 1666 Sept.
700 1597 783 1650 13.
830 1591 930 1650 οὐκ
965 1599 1021 1650 έν
1057 1592 1309 1668 θύμασιν
1337 1591 1549 1667 ἀλόγων
1575 1593 1609 1665 ἦ
1639 1595 1905 1665 ἐκκλησία,
1941 1590 2081 1648 ἀλλὰ
2107 1591 2187 1665 τῷ
2204 1592 2288 1667 σῷ
2314 1598 2471 1668 τιμίῳ
2501 1594 2559 1649 ἐκ
2585 1591 2831 1672 πλευρᾶς

213 1681 508 1758 ζωηφόρου
542 1684 734 1756 αἵματι
770 1684 1083 1755 omitum.
1143 1714 1206 1724 —
1280 1688 1561 1737 sacratum
1614 1680 1955 1752 mysterium.
2026 1680 2187 1736 Weil
2239 1682 2342 1736 der
2398 1682 2628 1741 Meusch
2685 1682 2833 1739 heim

213 1771 453 1831 Eintritt
486 1771 545 1825 iu
581 1770 685 1825 das
721 1768 1164 1836 chrismatum,
1219 1769 1277 1824 in
1312 1767 1418 1824 der
1449 1765 1659 1838 Taufe,
1713 1767 1942 1841 gesslbt
1976 1766 2153 1838 vird,
2201 1785 2270 1824 so
2305 1774 2438 1841 sagt
2473 1771 2734 1842 Anyti-stin.
2770 1770 2830 1826 in

213 1856 242 1915 1
273 1857 403 1913 Joh.
439 1860 605 1913 tract.
640 1859 692 1925 3,
728 1857 779 1911 6.
831 1856 1090 1914 Christus
1125 1856 1465 1912 sacramenti
1498 1872 1701 1911 nomen
1738 1862 1843 1912 est.

396 1961 461 2017 V.
499 1963 582 2016 15.
636 1962 721 2016 Da
770 1961 860 2016 die
901 1961 1351 2017 Katechumenen
1387 1948 1496 2016 auf
1522 1960 1728 2018 Ostern
1775 1957 2000 2033 getaust
2036 1962 2297 2031 wurden,
2361 1978 2431 2018 so
2465 1963 2543 2018 ist
2575 1963 2701 2020 hier
2737 1965 2831 2019 die

213 2045 397 2107 'raufo
445 2046 556 2104 auf
596 2049 697 2102 das
745 2048 953 2103 Leiden
991 2048 1205 2104 Christi
1251 2048 1508 2120 bezogen
1562 2047 1677 2103 und
1722 2047 1961 2103 deshalb
2008 2049 2134 2122 gibt
2177 2050 2325 2105 auch
2359 2051 2659 2108 Ambrosius
2706 2050 2832 2108 dem

211 2139 444 2195 Pascha
477 2137 568 2195 die
605 2137 939 2208 Bedeutung
973 2136 1074 2192 der
1109 2135 1305 2193 Taufe.
1355 2137 1440 2192 De
1475 2150 1710 2191 sacram.
1751 2140 1799 2205 1,
1824 2139 1877 2191 4.
1911 2137 2006 2208 qui
2039 2154 2144 2208 per
2178 2139 2324 2195 hunc
2358 2136 2572 2195 fontem
2605 2141 2839 2210 transit,

211 2228 325 2283 hoc
362 2232 485 2295 est,
539 2241 574 2280 a
611 2225 856 2281 terrenis
892 2226 966 2280 ud
1003 2225 1286 2294 coelestia,
1340 2225 1434 2280 hic
1467 2229 1555 2279 eet
1591 2225 1737 2279 enim
1774 2225 2075 2295 ιτωυὶιιιε,
2123 2226 2253 2282 ideo
2288 2227 2527 2297 pascha,
2576 2227 2685 2283 hoc
2718 2232 2831 2297 est,

213 2314 493 2370 transitus
528 2314 683 2385 ejus,
758 2314 1027 2368 transitus
1063 2329 1100 2368 a
1134 2318 1371 2384 peccato
1409 2312 1484 2367 ad
1519 2312 1725 2382 vitam,
1771 2328 1811 2368 ι
1845 2313 2017 2384 culpa
2047 2314 2122 2369 ad
2157 2315 2427 2386 gratiam,
2474 2314 2549 2371 uh
2581 2313 2840 2385 inquin-

209 2408 408 2459 meuto
446 2401 520 2456 ad
557 2396 1073 2456 sanctificationem.
1141 2400 1273 2474 Vgl.
1308 2401 1503 2456 Matth.
1544 2402 1635 2469 20,
1668 2404 1755 2457 22.
1789 2402 1903 2457 und
1939 2402 2047 2458 No.
2082 2403 2169 2470 59,
2207 2405 2256 2457 3.

395 2504 461 2561 V.
515 2506 600 2561 16.
658 2508 737 2560 17.
800 2505 947 2561 Tota
999 2511 1179 2563 mater
1242 2504 1486 2562 ecclesia
1540 2521 1767 2576 omnes,
1844 2510 1970 2562 tota
2034 2505 2292 2579 singulos
2346 2506 2514 2578 parit.
2566 2506 2839 2578 Aufidi-i

211 2593 382 2667 epist.
421 2595 521 2664 98,
558 2596 607 2649 5.

990 2930 1156 3003 139.
1226 2930 1558 3033 Hymnus
1596 2931 1626 2981 1
1673 2929 1761 3002 de
1806 2926 2092 3029 pascha.

209 3116 312 3184 Te
329 3167 348 3203 ,
394 3119 557 3183 lucis
603 3126 862 3200 auctor,
907 3124 1264 3202 personant
1578 3118 1922 3202 mundique
1970 3119 2185 3182 luxum
2234 3118 2615 3202 tempnimus
2748 3122 2829 3184 15

209 3223 413 3308 hujus
457 3229 744 3287 catervae
792 3221 1108 3303 carmina,
1578 3240 1814 3307 panem
1859 3219 2083 3285 salutis
2128 3220 2444 3284 sumimus.

206 3348 410 3411 ,quam
457 3334 526 3391 tu
570 3326 841 3409 replesti
887 3325 1101 3409 gratia

206 3431 540 3498 anastasis
582 3430 890 3515 potentia,
1577 3412 1986 3497 Jejuniorum
2029 3412 2302 3476 victimis

1578 3535 1818 3600 corpus
1864 3518 2118 3581 litamur
2162 3515 2393 3601 aridis,

214 3625 426 3690 Nobis
473 3622 614 3687 dies
657 3621 806 3687 haec
846 3622 1048 3685 innuit
1429 3623 1472 3684 5
1577 3620 1829 3703 piisque
1876 3619 2283 3702 parsimoniis

214 3728 390 3792 diem
437 3728 852 3809 subpremum
896 3724 1157 3807 sistere,
1578 3723 1782 3786 sacris
1827 3732 2126 3809 potamur
2171 3722 2414 3785 hostiis.
2740 3723 2827 3786 20

210 3850 343 3923 quo
383 3837 670 3894 mortuos
715 3847 1066 3912 resurgere

208 3936 499 4018 vitaeque
547 3935 645 3998 fas
701 3934 785 3998 sit
828 3933 1125 3999 reddere.
1575 3914 1737 3980 Haess
1784 3916 1953 3979 alma
2000 3915 2081 3978 Sit
2126 3913 2595 3997 souefflpflitffi’

363 4088 372 4095 „
1577 4019 1661 4081 sit
1706 4017 1885 4082 clara
1930 4015 2074 4080 haec
2119 4015 2470 4097 festivitaS,

211 4125 471 4194 Octava
513 4127 726 4211 prima
769 4126 1090 4209 redditur,
1578 4122 1661 4185 sit
1704 4120 1938 4184 feriata
1981 4118 2235 4202 gaudiis

201 4232 372 4298 dum
415 4248 590 4296 mors
638 4232 720 4296 ab
764 4230 1256 4313 unda-tollitur,
1393 4232 1474 4295 10
1577 4225 1719 4288 dies
1764 4223 2035 4290 reducta
2078 4228 2161 4289 ab
2206 4223 2451 4289 inferis.

214 4336 373 4402 dum
416 4343 631 4399 mente
678 4334 1189 4400 circumcidimur

214 4442 505 4525 novique
553 4441 808 4507 demum
851 4443 1192 4508 nascimur.
1580 4414 1807 4481 Gloria
1849 4413 2019 4498 Patri
2063 4413 2351 4496 ingenim
2744 4412 2830 4476 25

1580 4539 1965 4604 semperque
2009 4518 2341 4600 unigenito

215 4633 390 4701 Dum
433 4654 622 4700 mane
667 4642 955 4700 nostrum
999 4633 1318 4701 cernimus
1579 4622 1769 4687 simul
1811 4640 1955 4686 cum
1989 4626 2216 4684 sancto
2254 4620 2484 4703 spiritu

209 4739 474 4808 redisse
517 4739 709 4808 victis
752 4738 1079 4826 hostibus,
1577 4731 1649 4798 in
1692 4728 2084 4816 sempiterna
2126 4726 2386 4791 saecula.
