3159 5259
201 495 450 567 Laudis
495 502 713 568 thema
755 509 1058 588 specialis

198 602 391 684 panis
433 604 623 669 vivus
667 614 734 671 et
777 611 994 674 vitalis

287 702 484 773 hodie
525 711 933 794 proponitur,

192 824 390 891 quem
434 811 500 874 in
546 829 753 878 sacrae
796 833 1020 881 mensa
1064 834 1270 884 coenae
1365 820 1445 882 10
1554 826 1745 888 sumit
1787 848 1969 912 unus,
2015 845 2271 902 sumunt
2304 840 2499 925 mille,

193 911 410 976 turbae
454 910 727 977 fratrum
772 913 1092 980 duodena:

284 1011 503 1079 datum
545 1032 675 1080 non
721 1019 1085 1101 ambigitur.

189 1221 294 1290 Sit
335 1226 479 1293 laus
521 1229 750 1314 plena,
797 1233 881 1297 sit
923 1251 1181 1318 sonora,

186 1328 275 1392 sit
310 1328 638 1414 jocunda,
686 1334 769 1397 sit
812 1334 1087 1419 decora,

276 1434 507 1495 mentis
542 1434 879 1516 jubilatio!
1362 1443 1443 1507 15

188 1530 331 1596 dies
378 1533 547 1597 enim
592 1533 897 1601 solemnis
943 1538 1190 1622 agitur,

180 1634 255 1698 111
300 1653 430 1717 qua
471 1655 713 1701 mensae
755 1640 965 1722 prima
1007 1643 1318 1709 recolitur

273 1738 467 1823 hujus
511 1740 844 1806 institutio.

180 1952 261 2020 In
305 1953 431 2020 hac
472 1974 698 2021 mensa
742 1956 895 2021 novi
938 1959 1117 2041 regis

183 2074 422 2122 novum
465 2059 716 2142 pascha
758 2077 951 2124 novae
995 2060 1164 2144 legis
1213 2132 1218 2136 ᾗ

264 2159 474 2243 phase
518 2169 707 2225 vetus
752 2164 1069 2229 terminat.

170 2270 569 2328 vetustatem
612 2266 868 2329 novitas
882 2313 900 2348 ,

179 2369 471 2433 umbram
515 2367 701 2451 fugat
734 2369 1010 2451 veritas,

265 2478 524 2537 noctem
568 2471 681 2536 lux
724 2471 1026 2537 eliminat.

174 2682 365 2761 Quod
407 2684 472 2748 in
518 2704 706 2751 coena
734 2685 1028 2752 Christus
1071 2689 1296 2773 gessit,
1342 2693 1426 2756 25

176 2786 543 2851 faciendum
587 2786 714 2853 hoc
760 2790 1086 2872 expressit

261 2888 329 2951 in
374 2888 473 2951 sui
514 2891 916 2954 memoriam:

169 2989 355 3054 docti
398 2990 601 3053 sacris
645 2990 983 3074 institutis,

174 3110 430 3176 panem,
475 3092 691 3155 vinum
733 3094 800 3157 in
838 3094 1094 3177 salutis,

226 3242 229 3245 >
260 3211 717 3261 consecramus
761 3194 1057 3259 hostiam.
1340 3200 1424 3264 30

166 3427 425 3511 Dogma
473 3430 663 3496 datur
708 3432 1105 3518 christiania,

173 3533 347 3614 quod
388 3533 454 3596 in
501 3553 760 3601 carnem
805 3539 1035 3603 transit
1076 3539 1265 3623 panis

257 3642 325 3701 et
368 3638 584 3702 vinum
626 3640 693 3703 in
739 3643 1153 3724 sanguinem:

169 3739 344 3823 quod
389 3758 518 3805 non
562 3744 771 3827 sapis,
820 3742 995 3827 quod
1039 3763 1171 3811 non
1213 3746 1420 3829 vides,

160 3845 456 3909 animosa
501 3845 717 3912 firmat
759 3847 926 3912 fides
1334 3851 1417 3913 35

251 3958 496 4033 praeter
540 3972 757 4016 rerum
801 3951 1108 4018 ordinem.

157 4177 304 4245 Sub
351 4178 626 4244 diversis
671 4183 1013 4267 speciebus
1026 4230 1045 4265 ,

160 4286 366 4369 signis
412 4292 626 4352 tamen
672 4296 740 4353 et
781 4306 911 4354 non
954 4292 1181 4372 rebus,

244 4389 452 4452 latent
493 4408 605 4453 res
647 4392 931 4456 eximiae:

160 4506 316 4555 caro
362 4490 574 4573 cibus,
619 4492 885 4574 sanguis
928 4500 1150 4575 potus,
1327 4491 1413 4555 40

157 4600 375 4659 manet
418 4600 635 4658 tamen
678 4593 975 4659 Christus
1019 4601 1195 4661 totus

246 4698 367 4764 sub
413 4705 689 4783 utraque
733 4698 991 4781 specie.

1559 511 1631 579 A
1676 529 1966 585 sumente
2012 543 2141 592 non
2185 531 2484 598 concisus
2496 539 2518 617 ‚'

1558 633 1690 680 non
1736 621 2137 709 confractus,
2184 648 2315 695 non
2361 633 2637 722 divisus,

1642 719 1902 805 integer
1947 729 2289 813 accipitur:
2726 742 2816 807 45

1553 934 1862 1004 quantum
1904 931 2041 1014 isti,
2087 942 2334 1001 tantum
2376 939 2521 1023 ille,

1639 1044 1762 1094 nec
1806 1042 2096 1117 sumptus
2133 1042 2544 1108 consumitur.

1549 1211 1826 1283 Sumunt
1869 1222 2041 1306 boni,
2088 1236 2344 1293 sumunt
2384 1234 2568 1317 mali,

1549 1328 1728 1383 sorte
1772 1330 1987 1388 tamen
2032 1326 2336 1413 inaequali

1635 1427 1789 1492 vitae
1833 1431 1945 1495 vel
1987 1432 2314 1503 interitus:

2712 1342 2802 1408 5⁰

1544 1546 1722 1593 mors
1767 1539 1835 1595 et
1876 1535 2093 1620 malis,
2137 1539 2275 1604 vita
2316 1540 2542 1626 bouis:

1544 1632 1728 1716 vide,
1772 1637 1954 1718 paris
1997 1642 2376 1724 sumptionis

1633 1754 1824 1817 quam
1859 1740 1944 1804 sit
1988 1741 2211 1828 dispar
2255 1747 2488 1814 exitus.

1541 1923 1785 1995 Fracto
1833 1929 2085 1998 demum
2121 1946 2532 2004 sacramento
2707 1940 2798 2005 55

1349 2065 1435 2129 20
1538 2050 1624 2094 ne
1668 2033 1957 2117 vacilles,
2002 2037 2121 2101 sed
2162 2049 2517 2126 memento,

1538 2141 1784 2199 tantum
1826 2155 1974 2202 esse
2017 2143 2136 2205 sub
2181 2142 2569 2229 fragmentO,

1624 2246 1930 2319 quantum
1971 2247 2110 2307 toto
2155 2245 2431 2326 tegitur:

1533 2339 1712 2403 nulla
1753 2343 1852 2405 rei
1895 2340 1971 2406 fit
2013 2345 2295 2410 scissura
2312 2391 2334 2428 ‚

1533 2439 1705 2522 signi
1748 2448 1993 2508 tantum
2038 2442 2113 2508 fit
2155 2445 2446 2513 fractura
2462 2495 2483 2533 ,

1533 2560 1663 2623 qua
1705 2561 1830 2607 nec
1873 2550 2078 2609 status
2121 2565 2248 2612 nec
2290 2556 2546 2618 statura

1619 2644 1857 2728 signati
1899 2648 2216 2716 minuitur.

2702 2453 2793 2519 60

1529 2827 1726 2915 Ecce,
1770 2835 1960 2916 panis
2006 2837 2389 2917 angelorum

1531 2933 1744 2998 factus
1789 2937 1968 3001 cibus
2011 2938 2365 3021 viatorum,

1530 3056 1692 3101 vere
1736 3040 1924 3121 panis
1959 3039 2257 3123 filiorum,

1617 3157 1747 3204 11011
1791 3142 2136 3207 mittendus
2183 3144 2470 3209 canibus,

1528 3244 1594 3307 in
1639 3242 1867 3326 figuris
1911 3247 2378 3329 praesignatur,

1527 3365 1674 3411 cum
1716 3346 1904 3413 Isaac
1948 3350 2346 3432 immolatur,

1528 3470 1738 3533 agnus
1769 3451 2049 3536 'paschae
2083 3448 2463 3537 deputatur,

1614 3556 1804 3621 datur
1846 3576 2080 3622 manna
2122 3558 2436 3642 patribus,

2695 3046 2790 3109 65

2693 3557 2782 3647 το

1522 3761 1706 3828 Βο110
1749 3772 2002 3848 pastor,
2048 3763 2240 3847 panis
2281 3781 2468 3846 vere,

1521 3866 1712 3950 «Iesu,
1756 3867 1963 3932 nostri
2005 3867 2335 3945 miserere,

1516 3978 1588 4036 tu
1630 3988 1752 4036 nos
1794 3989 2027 4054 pasce,
2071 3986 2193 4033 nos
2238 3974 2456 4047 tuere,

1517 4079 1589 4137 tu
1630 4090 1751 4136 nos
1795 4074 1970 4137 bona
2019 4070 2126 4135 fac
2167 4066 2395 4133 videre

1605 4176 1671 4239 in
1715 4182 1893 4238 terra
1935 4172 2309 4236 viventium.

1518 4284 1590 4341 tu
1633 4277 1742 4360 qui
1785 4281 2019 4340 cuncta
2062 4273 2191 4337 scis
2235 4277 2304 4333 et
2346 4268 2565 4350 vales,

1521 4379 1630 4460 qui
1674 4394 1793 4441 nos
1836 4375 2054 4460 pascis
2097 4372 2205 4436 hic
2248 4369 2593 4454 mortales,

1518 4487 1590 4546 tu
1631 4492 1751 4542 nos
1795 4478 1886 4542 ibi
1929 4472 2412 4556 commensales,

1516 4580 1882 4650 coheredes
1928 4585 1993 4643 et
2037 4576 2297 4643 sodales

1604 4690 1715 4755 fac
1758 4694 2128 4777 sanctorum
2170 4682 2423 4757 civium.

2686 4166 2775 4231 75

2681 4681 2783 4777 80
