3159 5259
424 468 769 524 wiederholt
819 466 1101 539 Angustia
1152 466 1247 522 dio
1300 466 1476 541 obigs
1530 467 1797 535 Ansicht,
1851 465 1964 521 und
2011 467 2218 523 driickt
2263 469 2387 524 sich
2432 468 2751 526 dentlicher
2797 486 2877 527 so
2929 486 3084 528 nn:

426 553 636 612 futura
684 553 1119 610 resurrectionis
1169 569 1378 625 corpus
1426 551 1774 624 imperfecta
1823 549 2116 612 felicitatis
2163 555 2302 622 erit,
2366 556 2420 611 si
2465 556 2627 614 cibos
2675 573 2908 614 sumere
2945 576 3076 616 non

429 643 708 715 potuerit;
744 640 1090 714 imperfectae
1126 639 1436 711 felicitatis,
1474 640 1525 696 si
1558 640 1704 696 cibis
1740 640 1981 713 eguerit.

541 980 714 1054 302.
790 978 906 1049 De
960 974 1173 1045 variis
1218 968 1708 1044 mansionibus
1762 983 1833 1045 et
1874 974 2179 1071 praemiis
2229 971 2612 1046 electorum
2650 973 2964 1049 coelegfig

1326 1077 1751 1165 Jerusalem.
1827 1092 2149 1193 hymnus.

434 1335 511 1401 ln
555 1333 746 1399 domo
790 1331 1000 1416 patris

436 1456 703 1503 summae
737 1433 1097 1519 majestatis

436 1559 594 1606 ecce
640 1547 788 1604 sunt
829 1537 1126 1622 pulchrae

435 1644 804 1711 mansiones
847 1643 1065 1706 multae
1083 1689 1102 1724 ,

437 1769 586 1833 quae
631 1754 779 1812 sunt
822 1753 1184 1813 certantum

435 1868 560 1935 pro
604 1850 842 1914 virtute
886 1855 1131 1913 tantum

437 1971 518 2018 ac
561 1952 1080 2035 triumphantum.

435 2138 535 2206 Ibi
577 2138 820 2220 Maria,

428 2242 759 2325 virginum
804 2242 1038 2326 regina
1051 2290 1068 2323 ,

439 2364 481 2413 o
528 2365 721 2430 quam
763 2348 977 2430 beata,

439 2468 586 2532 quae
630 2449 880 2515 cunctis
924 2449 1207 2534 praelata

436 2551 591 2616 mihi
635 2550 1066 2633 propinquam

436 2654 661 2717 sedem
707 2663 886 2718 tenet
927 2654 1228 2739 primam,

439 2756 691 2840 angelis
737 2758 951 2822 altam.

436 2943 748 3011 Gaudens
795 2945 1086 3026 laetatur,

440 3051 590 3133 quia
633 3048 1107 3132 contemplatur

436 3172 540 3218 me
584 3170 768 3218 suum
812 3158 1031 3215 natum
1049 3195 1067 3232 ‚

439 3255 628 3319 unice
672 3251 1016 3337 praelatum

428 3358 505 3421 in
550 3355 782 3421 dextra
824 3355 1031 3439 patris

438 3459 733 3523 omnibus
782 3458 1021 3521 creatis

438 3567 635 3640 atque
684 3559 909 3623 beatis

438 3743 571 3829 En,
619 3743 837 3813 Adam
878 3751 1068 3812 vetus

439 3869 633 3933 quam
677 3849 861 3928 felix,
908 3867 1099 3930 quam
1142 3847 1333 3912 laetus

439 3955 597 4020 mihi
641 3953 1007 4038 applaudit,

440 4078 583 4125 cum
628 4057 791 4121 vidit
838 4065 906 4122 et
949 4055 1127 4121 audit

434 4177 648 4244 genus
692 4158 1035 4223 humanum

436 4284 562 4348 per
606 4265 817 4347 ipsum
862 4262 1231 4326 damnatum

436 4387 562 4451 per
608 4385 710 4430 me
757 4365 1093 4430 salvatum.

439 4553 578 4620 Sed
621 4557 1015 4642 patriarcha!

440 4659 797 4741 tripudiant
845 4660 1056 4743 laude,

1611 2344 1692 2409 10

1610 2942 1690 3004 15

1605 3450 1692 3516 20

1605 4053 1689 4116 25

1791 1330 1918 1397 sibi
1959 1331 2346 1416 promissum

1794 1441 2138 1500 cernentes
2182 1435 2511 1519 impletum
2529 1483 2546 1517 ‚

1792 1554 1916 1619 per
1958 1554 2061 1599 me
2107 1535 2454 1601 credentes

1794 1634 2159 1700 benedictae
2201 1643 2436 1719 gentes

1794 1746 1943 1803 sunt
1986 1746 2053 1803 et
2095 1739 2412 1804 viventes.

1792 1925 1959 1992 Mihi
2000 1927 2348 2011 prophetae

1795 2030 2181 2096 citharizant
2223 2032 2404 2113 laete,

1795 2135 1971 2217 quod
2015 2154 2343 2218 meruere,

1794 2258 1898 2304 me
1944 2238 2121 2304 clare
2164 2239 2423 2323 videre,

1798 2360 1988 2423 quem
2031 2341 2480 2424 praedixerunt

1795 2443 2063 2525 mundo,
2113 2440 2265 2508 dum
2306 2443 2647 2526 vixerunt,

1795 2565 1918 2610 nec
1964 2545 2357 2612 fefellerunt.

1795 2731 2009 2798 David
2048 2734 2394 2818 psalmista

1794 2855 2103 2920 meusque
2147 2839 2433 2922 baptista

1793 2941 2290 3026 praespecialem

1793 3044 2040 3110 habent
2083 3046 2442 3110 claritatem
2455 3091 2474 3126 ,

1796 3149 1905 3231 qui
1947 3168 2051 3213 me
2096 3155 2441 3212 venturum

1793 3269 1924 3318 non
1969 3259 2102 3317 tam
2146 3252 2654 3337 prophetarunt,

1795 3373 1989 3439 quam
2031 3355 2575 3422 demonstrarunt.

1797 3544 1964 3611 Sunt
2008 3561 2200 3626 quam
2241 3542 2550 3628 praeclari

1783 3645 2080 3731 apostoli
2122 3643 2291 3725 cari,

1795 3767 2047 3814 mecum
2090 3747 2427 3829 sedentes,

1794 3869 2044 3916 mecum
2088 3830 2552 3928 decernentes,

1796 3954 1908 4038 qui
1951 3971 2026 4020 se
2069 3955 2500 4037 spernebant,

1799 4069 2031 4128 cuncta
2075 4060 2556 4142 relinquebant,

1795 4166 1953 4233 mihi
1999 4165 2357 4230 haerebant.
2533 4173 2540 4178 '

1798 4353 2131 4438 Martyres
2177 4354 2414 4435 fortes,

1801 4475 1902 4521 me
1947 4476 2069 4541 per
2112 4455 2286 4520 mille
2331 4463 2574 4521 mortes

1801 4558 2133 4625 testificati

1611 4660 1698 4724 30
1803 4663 2057 4750 fulgent
2099 4665 2442 4750 rubricati,
