3159 5259
267 473 354 533 No
386 484 476 529 mo
509 464 722 543 pedu
755 486 902 529 nuc
935 470 1219 543 m,

274 576 383 632 pro
420 576 536 630 quo
568 560 628 615 in
663 560 826 632 ligno
862 578 1167 633 suspensum
1186 600 1203 631 ‚

2611 288 2747 358 1&

1680 490 1791 546 pre
1827 474 2525 546 quon-tumtun,

1683 578 1877 620 neme
1912 562 2533 632 verda-inem

114 648 290 704 Diese
340 646 590 717 Strephe
636 648 738 703 hat
784 648 1044 721 gleichsn
1095 650 1222 705 Bau
1267 649 1379 704 wie
1430 649 1634 720 abiges
1680 650 1817 705 Lied
1833 690 1855 722 ,
1912 650 2050 706 aber
2095 649 2244 704 zwei
2287 649 2478 705 Reime
2526 651 2586 707 in
2631 653 2739 709 der

113 734 389 806 strophe.

307 841 334 892 1
356 840 468 894 -4
514 835 705 894 fehlen
751 836 904 894 PAE'.
994 841 1030 893 ὅ
1077 852 1273 895 manns
1321 840 1556 897 dextera
1607 841 1668 900 F.
1763 841 1799 896 8
1848 840 2098 897 dextram
2144 840 2223 911 R,
2285 838 2572 919 dexteram
2622 843 2739 900 AF.

118 926 159 980 9
193 940 392 980 manus
429 924 489 980 P.
567 926 638 979 10
670 925 746 983 sit
778 925 851 994 F,
904 941 1071 981 manu
1105 926 1218 983 ΡΑ.
1291 929 1355 981 11
1393 942 1520 983 sevo
1556 927 1638 997 P,
1673 926 1809 987 Evae
1844 927 1954 983 AF.
2030 928 2097 981 12
2133 943 2274 998 quos
2310 928 2368 983 F.
2441 928 2508 984 13
2544 927 2739 1002 perfo-

119 1018 312 1071 ratum
357 1013 417 1068 P.
515 1015 750 1070 13—16
797 1016 999 1071 stehen
1057 1016 1118 1070 in
1168 1015 1310 1073 Am·
1364 1032 1455 1072 am
1505 1014 1675 1073 Ende.
1774 1016 1842 1072 18
1898 1017 2096 1088 pedem
2146 1014 2207 1072 P.
2300 1019 2372 1072 21
2428 1014 2578 1074 laeva
2627 1020 2740 1076 AF.

121 1101 366 1156 25—28
402 1098 594 1156 fehlen
627 1101 685 1156 in
718 1102 827 1159 AF.

314 1205 377 1261 V.
413 1207 498 1260 28.
556 1206 676 1262 vita
711 1207 892 1263 beata.
957 1209 1222 1280 Augu-stet.
1271 1224 1457 1265 sermo
1504 1211 1628 1279 297,
1666 1209 1714 1263 8.
1762 1209 2087 1265 bezeichnet
2134 1178 2217 1265 es*
2246 1212 2378 1269 sehr
2427 1216 2533 1284 gut
2577 1212 2735 1271 also:

122 1293 253 1350 vita
286 1294 388 1349 snb
425 1294 549 1367 deo,
586 1294 707 1349 vita
742 1311 865 1350 cum
900 1295 1026 1366 deo,
1062 1295 1182 1352 vita
1219 1295 1286 1351 de
1322 1294 1446 1366 deo,
1481 1296 1603 1351 vita
1635 1297 1757 1368 ipse
1795 1296 1947 1352 deus.

766 1581 931 1654 122.
998 1578 1253 1655 Oratio
1307 1579 1397 1657 de
1447 1583 1777 1682 passione
1821 1580 2113 1655 Christi.

128 1756 335 1827 Salve
381 1780 527 1826 mea
572 1779 612 1825 ο
656 1764 966 1842 patrona,

128 1885 293 1931 crux
337 1868 561 1948 beata,
606 1862 806 1928 multa
848 1862 1021 1925 bona

217 1973 561 2038 conferens
607 1969 943 2053 coelicolis‚

129 2070 496 2161 desperatis
542 2074 795 2139 doctrix
840 2090 1051 2156 prona

132 2179 596 2261 conversisque
639 2178 803 2241 mira
845 2178 1019 2241 bona
1341 2176 1382 2237 5

219 2282 536 2347 exhibens
582 2268 983 2346 christicolis.

129 2445 375 2531 Dejicis
421 2454 489 2511 tu
525 2445 842 2510 inimicum
859 2492 877 2527 ,

130 2570 432 2615 aversum
478 2548 698 2613 reddis
745 2549 1015 2614 amicum
1029 2595 1046 2629 ‚

216 2655 394 2721 salus
437 2660 503 2720 in
543 2655 875 2737 periculis:

127 2758 432 2824 affectum
479 2754 727 2819 donans
773 2754 1133 2835 contritum,
1299 2754 1379 2816 10

129 2878 247 2927 cor
283 2880 542 2944 semper
584 2860 746 2925 facis
790 2859 1093 2942 pudicum

219 2964 533 3048 perfectis
579 2964 864 3027 deicolis

132 3128 550 3212 Triumphale
595 3128 838 3210 lignum
883 3126 1113 3208 crucis,

128 3232 440 3297 seductos
479 3250 599 3296 nos
646 3240 714 3296 tu
757 3231 1016 3296 reducis

216 3333 305 3398 ad
349 3352 634 3416 superna
679 3331 944 3415 gaudia:
1298 3333 1378 3396 15

125 3445 353 3521 portas
400 3437 631 3520 pandis
677 3456 856 3499 verae
902 3437 1099 3518 luciS,

126 3542 354 3607 fauces
399 3543 644 3607 claudis
687 3542 891 3608 hostis
937 3544 1136 3610 trucis

218 3644 441 3710 divina
483 3645 788 3729 potentia.

127 3811 478 3901 Ter-,adore
521 3819 795 3895 propter
835 3811 1044 3892 illum,

125 3916 242 3999 qui
289 3935 408 3997 per
454 3923 517 3977 te
562 3935 834 3998 gregem
877 3916 1180 3998 pusillum
1293 3916 1377 3980 20

215 4006 476 4080 reduxit
522 4018 588 4083 in
633 4018 931 4102 propria,

123 4112 549 4204 confringens
594 4141 715 4205 per
761 4120 888 4187 hoc
930 4122 1265 4205 vexillum,

127 4223 263 4289 ceti
309 4231 535 4286 vectes
582 4233 648 4286 et
693 4224 1002 4307 sigillum,

218 4327 410 4408 signa
457 4327 810 4393 infernalia.

123 4488 248 4559 ms
298 4493 543 4558 cunctis
590 4511 842 4575 quoque
885 4495 1174 4578 pensatis
1297 4495 1380 4563 25

123 4596 476 4681 paradisus
521 4597 874 4681 voluptatis

218 4717 293 4765 es
337 4699 545 4769 Jhesu
586 4701 906 4787 piissime:

1482 1758 1550 1823 in
1594 1766 1661 1823 te
1704 1759 1806 1822 vis
1850 1755 2257 1841 paternitatis

1485 1880 1707 1927 omnes
1752 1860 1999 1927 fructus
2044 1858 2380 1925 suavitatis

1569 1966 1890 2050 plantavit
1936 1964 2323 2049 plenissime.
2649 1963 2738 2029 30

1483 2128 1813 2195 Passionis
1858 2136 1989 2194 tuae
2032 2129 2279 2193 fructus

1485 2242 1552 2299 et
1598 2234 1846 2299 cruoris
1888 2233 1981 2297 tui
2026 2232 2258 2297 fluctus

1572 2337 1863 2402 defluens
1912 2338 2277 2419 largissime

1484 2442 1684 2506 finem
1729 2443 1885 2507 fecit
1927 2443 2134 2507 nostri
2175 2443 2417 2523 luctuS,

1484 2565 1607 2630 per
1651 2546 1772 2610 hos
1817 2546 2105 2611 infernus
2151 2545 2514 2613 destructus
2646 2544 2735 2610 35

1571 2650 1771 2732 gemit
1817 2649 2231 2713 amarissime.

1484 2808 1636 2876 Ave
1684 2818 1877 2893 caput
1919 2810 2315 2894 inclinatum,

1423 2966 1430 2977 .
1487 2914 1861 3005 despective
1909 2921 2284 2977 coronatum

1572 3016 1773 3099 spinis
1819 3014 2196 3096 infidelium,

1484 3121 1698 3184 multis
1743 3120 1904 3184 locis
1948 3118 2378 3203 perforatum,
2540 3192 2543 3195 ,
2649 3120 2737 3183 40

1487 3226 1981 3307 circumquaque
2029 3229 2459 3306 cruentatum,

1574 3329 1909 3412 exemplar
1953 3328 2296 3392 humilium.

1486 3488 1540 3553 0
1586 3507 1830 3554 corona
1872 3490 2197 3572 pretiosa,

1487 3613 1679 3676 quam
1725 3593 1973 3658 crucris
2019 3595 2220 3658 tincta
2260 3590 2419 3658 rosa

1571 3699 1984 3783 plasmatoris
2030 3700 2342 3763 omnium!
2651 3699 2736 3761 45

1485 3822 1607 3886 per
1653 3811 1719 3867 te
1765 3803 1879 3869 fiat
1926 3807 2229 3887 speciosa

1484 3927 1667 3972 mens
1712 3908 2023 3989 humana,
2076 3924 2257 3971 mens
2300 3904 2566 3988 spinosa

1573 4012 1905 4076 declinans
1950 4014 2017 4077 in
2060 4013 2300 4076 vitium.

1487 4175 1539 4241 Ο
1586 4178 1735 4240 fons
1782 4198 1905 4240 ave
1951 4177 2265 4260 paradisi,

1486 4304 1528 4347 a
1572 4300 1701 4364 quo
1749 4288 2024 4364 quatuor
2070 4278 2258 4341 divisi
2646 4279 2733 4345 50

1575 4386 1798 4450 dulces
1847 4392 2109 4449 currunt
2154 4381 2374 4446 rivuli!

1485 4511 1607 4576 per
1653 4509 1845 4571 quem
1890 4486 2215 4551 daemones
2260 4486 2451 4553 invisi

1487 4603 1636 4663 sunt
1682 4593 1994 4659 confracti
2039 4599 2105 4657 et
2152 4593 2294 4658 elisi

1576 4706 1645 4767 et
1687 4698 1903 4766 effecti
1944 4699 2217 4765 tremuli.
