3159 5259
319 426 387 486 V.
422 429 507 484 17.
557 427 718 484 uma
753 443 825 483 nu.
883 442 1047 484 serm.
1089 426 1191 496 26,
1238 429 1289 482 1.
1332 429 1469 497 sest
1513 440 1632 482 von
1667 424 2038 481 Weihnacht:
2102 422 2224 479 dies
2259 422 2564 480 hodiernus
2598 439 2752 481 nova

138 514 312 571 etiam
358 514 417 570 in
464 514 755 570 elementis
811 514 937 570 luce
997 513 1255 569 radiante
1308 528 1501 568 coram
1546 512 1805 569 sensibus
1853 512 2066 568 nostris
2100 511 2375 567 mirabilis
2411 513 2753 570 sacramenti

136 602 355 676 ingerit
389 601 718 658 claritatem.
747 633 811 644 —
838 599 1037 659 Omnia
1061 600 1339 660 elementa
1365 603 1651 656 auctorem
1675 615 1836 658 suum
1860 598 2086 654 venisse
2113 603 2323 655 testata
2348 604 2491 655 sunt.
2530 600 2752 672 (ἕτερον.

137 691 214 747 Μ.
251 690 396 745 hom.
431 673 499 744 in'
527 703 612 743 ev.
649 690 702 758 1,
737 688 825 756 10,
859 691 911 742 2.

319 777 385 833 V.
421 777 506 831 36.
559 777 708 830 Deus
742 776 949 846 ubique
982 789 1253 847 praesens,
1289 789 1395 832 nec
1428 789 1532 847 per
1563 777 1775 831 motum
1809 770 1981 842 venit,
2018 787 2122 827 nec
2156 787 2261 843 per
2284 777 2492 829 motum
2521 773 2751 831 recedit.

9 920 31 940 ,
139 865 360 950 ςέφερον.
396 865 469 920 Μ.
502 861 690 920 homil.
724 862 781 917 in
820 879 904 916 ev.
941 864 990 932 1,
1026 865 1078 944 2,
1113 862 1162 916 6.

931 1197 1054 1273 37.
1121 1198 1237 1269 De
1287 1197 1643 1270 nativitate
1696 1195 1978 1286 domini.

142 1387 381 1472 Fregit
422 1383 642 1454 Adam
682 1384 1093 1453 interdictum
1592 1404 1739 1470 quse
1781 1391 2075 1449 naturam
2119 1382 2412 1465 praeterit
2675 1384 2756 1448 15

145 1500 218 1556 et
257 1490 518 1573 reliquit
563 1488 690 1553 hoc
734 1487 1039 1553 delictum
1591 1488 1735 1552 sola
1780 1494 2025 1571 praeter
2060 1501 2325 1567 morem,

237 1591 521 1678 posteris
563 1590 815 1654 miseris
1589 1593 1764 1676 pium
1807 1591 2306 1674 redemptorem.

235 1713 492 1778 poenam
538 1693 749 1777 culpae
791 1691 1067 1773 veteris3
1675 1714 1716 1760 o
1763 1704 2004 1780 quanta
2045 1683 2336 1760 miseria!

234 1797 445 1866 libera
490 1794 770 1862 conditio
1360 1797 1399 1860 5

236 1899 549 1982 mergitur
592 1900 656 1962 in
702 1899 892 1984 vitiu,
1128 1927 1131 1930 ¹

234 2003 420 2085 viget
462 2002 545 2072 in.
569 2010 802 2067 natura

236 2104 632 2189 conjectura.

323 2227 365 2272 o
409 2215 651 2291 quanta
693 2209 986 2275 miseria!

1502 1851 1626 1921 Hic
1672 1855 1933 1941 adjutor
1976 1863 2381 1941 opportunus

1504 1978 1545 2024 a
1586 1967 1861 2044 peccato
1905 1958 2073 2023 liber
2115 1978 2280 2023 unus
2671 1961 2757 2026 20

1590 2062 1869 2144 exstitit,
1916 2061 2154 2125 restitit

1588 2164 1791 2244 hosti,
1843 2165 1953 2247 qui
1994 2181 2116 2228 nos
2160 2164 2484 2249 perdidit3

1592 2269 1700 2351 qui
1744 2267 1894 2334 dum
1935 2268 2098 2351 petit
2144 2267 2440 2333 humilem
2462 2317 2480 2352 ,

141 2372 379 2456 Fregit
423 2373 615 2439 homo
658 2383 916 2459 pactum
961 2373 1103 2457 dei,
1316 2373 1399 2436 10
1589 2378 1797 2438 tentat
1844 2380 1916 2436 ut
1956 2372 2355 2457 vincibilem,

143 2474 322 2542 uude
369 2494 584 2541 sumus
630 2496 849 2542 omnes
893 2478 1021 2560 rei,
1588 2481 1775 2539 satan
1821 2481 2199 2557 enervatur,
2673 2475 2758 2540 25

233 2578 518 2663 patimur
536 2629 553 2663 ,
599 2579 872 2645 labimur
1492 2653 1499 2658 ,
1593 2579 1830 2661 vincit,
1878 2579 1986 2662 qui
2030 2585 2396 2662 temptatur.
2523 2585 2530 2589 ’
2565 2575 2585 2596 ”

239 2691 678 2767 aeternumque
722 2684 1056 2767 morimur,
1684 2701 1724 2749 o
1770 2692 2010 2767 quanta
2053 2683 2359 2751 victoria!

238 2786 450 2855 donec
492 2788 684 2871 virgo
726 2787 1014 2873 peperit,

328 2970 426 3026 Hs.
460 2987 530 3026 zu
566 2970 793 3027 Colmar
826 2988 930 3027 aus
965 2970 1255 3041 marbach,
1293 2974 1360 3027 12
1395 2972 1589 3028 Jahrh.

326 3095 392 3150 V.
429 3098 475 3150 1.
524 3095 703 3153 Adam
739 3097 907 3151 homo
942 3097 1191 3167 peccati,
1228 3096 1485 3154 Christus
1515 3097 1773 3169 justitiae.
1810 3100 2063 3151 mortuus
2103 3111 2164 3149 es
2198 3095 2257 3150 in
2291 3096 2486 3164 Adam,
2523 3111 2763 3170 resurge

142 3186 206 3242 in
245 3184 493 3254 Christo,
531 3200 660 3240 nam
694 3185 982 3255 utrumque
1024 3182 1257 3239 debetur
1290 3182 1421 3253 tibi3
1450 3183 1578 3256 jam
1608 3182 1896 3238 credidisti
1921 3182 1980 3236 in
2007 3182 2304 3254 Christum,
2339 3184 2543 3241 reddes
2559 3189 2762 3257 tamen,

145 3273 304 3345 quod
339 3272 512 3328 debes
548 3270 618 3325 de
654 3268 846 3325 Adam.
899 3272 1161 3344 Anquslm.
1196 3274 1254 3328 in
1290 3289 1492 3346 evang.
1526 3273 1656 3329 Joh.
1691 3274 1742 3342 3,
1782 3274 1863 3326 13.

324 3357 392 3416 V.
430 3361 513 3413 15.
566 3357 672 3413 Hic
725 3357 778 3411 si
823 3358 973 3416 ratio
1021 3360 1292 3432 quaeritur
1307 3401 1323 3430 ,
1377 3375 1491 3416 nou
1534 3359 1650 3416 erit
1693 3358 1982 3430 mirabile3
2046 3360 2098 3415 si
2145 3360 2455 3433 exemplum
2489 3361 2762 3433 poscitur,

148 3464 265 3505 non
302 3447 413 3503 erit
447 3445 752 3519 singulare.
821 3445 1023 3503 Demus
1040 3489 1055 3518 ‚
1094 3448 1254 3505 deum
1290 3447 1501 3520 aliquid
1536 3462 1737 3518 posse,
1775 3448 1925 3519 quod
1963 3465 2068 3505 nos
2104 3446 2382 3505 fateamur
2414 3448 2764 3520 investigare

149 3552 267 3593 non
314 3552 498 3608 posse.
550 3535 611 3590 in
665 3534 875 3591 talibus
928 3535 1096 3592 rebus
1144 3541 1269 3593 tota
1316 3536 1465 3596 ratio
1513 3533 1654 3591 facti
1702 3542 1792 3593 est
1849 3536 2106 3608 potentia
2151 3533 2427 3592 facientis.
2495 3537 2766 3610 Aequam·

153 3622 320 3694 epist.
359 3624 478 3691 13⁷,
516 3622 563 3677 8.
2321 3621 2336 3648 ³

330 3708 395 3764 V.
428 3711 515 3765 20.
566 3710 825 3769 Christus
862 3709 982 3765 sine
1018 3714 1252 3781 peccato
1292 3725 1417 3765 esse
1455 3708 1646 3765 debuit
1663 3749 1678 3778 ‚
1717 3708 1814 3780 qui
1849 3724 1957 3779 pro
1993 3710 2387 3782 peccatoribus
2424 3708 2765 3766 intervenire

151 3797 461 3870 potuisset,
525 3798 658 3870 quia
704 3798 965 3853 nimirum
1018 3796 1220 3853 slieuae
1276 3796 1605 3867 pollutionis
1654 3796 1922 3870 contagia
1954 3816 2068 3855 nou
2101 3804 2380 3872 tergeret,
2441 3800 2496 3854 si
2530 3800 2768 3873 propria

152 3885 473 3942 sustineret.
543 3886 761 3955 Greyor.
795 3885 868 3940 Μ.
900 3883 1098 3940 moral.
1134 3885 1227 3952 24,
1261 3885 1312 3938 4.

332 3970 398 4025 V.
430 3973 515 4025 23.
585 3971 860 4028 humilem.
929 3971 1221 4043 Superbus
1277 3971 1536 4027 diabolus
1549 4012 1565 4041 ‚
1639 3971 1766 4026 dum
1819 3971 2100 4030 Christum
2153 3976 2414 4032 humilem
2469 3974 2764 4046 conspicit,

158 4059 322 4116 deum
356 4076 483 4114 esse
520 4059 810 4117 dubitavit.
893 4060 1026 4133 quia
1070 4061 1248 4133 igitur
1293 4060 1618 4132 passibilem
1663 4059 1834 4131 vidit,
1897 4078 2012 4118 non
2045 4062 2218 4120 „deum
2254 4053 2470 4132 natum,
2531 4060 2636 4117 sed
2668 4062 2763 4117 dei

155 4148 350 4222 gratia
396 4148 733 4204 custoditum
781 4149 1034 4205 credidit.
1105 4149 1321 4219 Grcyor.
1365 4150 1438 4206 Μ.
1490 4149 1688 4206 moral.
1737 4153 1766 4203 1
1783 4191 1798 4219 ,
1832 4152 1918 4206 43.
1988 4148 2260 4205 Diabolus
2308 4165 2421 4204 nou
2464 4148 2761 4218 intellexit,

159 4234 313 4307 quod
347 4235 631 4292 saeviendo
669 4237 727 4291 in
762 4235 1044 4294 Christum
1078 4251 1239 4291 suum
1275 4236 1595 4294 destrueret
1626 4236 2003 4309 principatum
2020 4276 2037 4306 ,
2099 4236 2231 4308 quia
2264 4234 2507 4306 antiquae
2542 4232 2764 4292 fraudis

148 4323 293 4397 jura
328 4338 440 4377 non
475 4323 758 4395 perderet,
795 4324 845 4379 si
873 4341 934 4379 se
973 4340 1011 4380 a
1046 4324 1255 4381 domini
1286 4326 1425 4382 Jesu
1462 4326 1735 4399 sanguine
1773 4328 2101 4383 contineret.
2154 4324 2257 4380 sed
2280 4322 2499 4380 malitia
2523 4322 2763 4379 nocendi

78 4479 98 4495 .
156 4410 331 4469 avida
366 4411 493 4466 dum
527 4409 717 4480 irruit,
757 4411 896 4481 ruit,
934 4412 1063 4468 dum
1100 4413 1267 4484 capit,
1305 4419 1473 4486 capta
1509 4420 1624 4487 est,
1663 4411 1792 4470 dum
1826 4411 2187 4487 persequitur
2220 4411 2532 4483 mortalem,
2566 4410 2764 4468 incidit

154 4498 217 4555 in
253 4497 613 4553 salvatorem.
681 4497 837 4555 Leon.
871 4500 941 4554 M.
977 4517 1140 4556 serm.
1176 4501 1263 4570 60,
1298 4503 1350 4557 3.

330 4585 396 4641 V.
431 4589 515 4642 24.
570 4585 778 4655 Quibus
812 4587 995 4643 modis
1036 4588 1296 4645 diabolus
1332 4590 1566 4660 primum
1613 4588 1888 4644 hominem
1922 4589 2157 4659 stravit,
2221 4588 2427 4646 eisdem
2460 4584 2642 4644 modis
2675 4599 2763 4640 se-

158 4673 344 4734 cundo
378 4675 590 4733 homini
626 4679 844 4734 tentato
880 4676 1184 4736 succubuit.
1255 4678 1473 4751 θησαν.
1507 4678 1580 4738 Μ.
1615 4676 1764 4734 hom.
1794 4677 1855 4735 iu
1885 4693 1975 4736 ev.
2011 4682 2063 4751 1,
2098 4679 2185 4750 16,
2220 4680 2272 4738 3.
