3159 5259
2689 299 2827 374 448

220 487 552 562 angelorum
587 482 876 557 spiritibus
901 483 1174 555 pratu-t,
1204 479 1613 556 qni-subjectis
1649 479 1778 535 aliis
1814 478 1961 549 dum,
1995 494 2233 552 qumque
2267 485 2400 537 sunt
2433 480 2672 554 agenda,
2708 480 2820 537 di·-

218 579 463 648 ponunt‚
515 573 599 629 eis
635 573 706 628 ad
743 569 1017 644 explenda
1050 567 1241 626 divina
1273 567 1585 624 ministeria
1620 567 2026 639 principantur.
2090 568 2462 623 dominationes
2497 574 2681 623 autem
2717 584 2819 623 vo-

219 666 433 730 eantur,
469 660 565 731 qui
600 658 768 714 etiam
800 661 1117 729 potestates
1152 656 1563 730 principatuum
1599 655 2045 712 dissimilitudine
2084 654 2205 711 alta
2239 656 2651 712 transcendunt.
2692 671 2821 713 nam

217 747 527 820 principari
559 750 649 802 est
682 745 829 801 inter
864 743 1119 815 reliques
1136 744 1400 817 ‚priorem
1434 744 1699 813 existere,
1737 743 2018 806 dominari
2045 758 2186 800 vero
2214 749 2306 800 est
2329 742 2498 798 etiam
2526 743 2821 815 subjectos

218 849 467 906 quosque
502 832 826 904 possider03
887 846 958 887 ea
993 846 1139 904 ergo
1176 831 1511 904 angelorum
1546 832 1774 905 agmina
1787 872 1804 901 ,
1851 831 1946 903 qui
1980 830 2125 886 mira
2150 828 2405 901 potentia
2440 828 2822 899 praeminent,

218 936 325 993 pro
361 936 460 988 eo,
515 920 667 991 quod
711 917 793 975 eis
842 924 1033 974 cetera
1079 919 1153 976 ad
1198 919 1567 978 obediendum
1601 921 1863 993 subjecta
1896 925 2053 988 sunt,
2122 920 2498 974 dammationes
2527 920 2819 972 vocantur.

222 1007 412 1082 flerem·
445 1023 665 1079 quoque
700 1006 805 1062 illa
839 1007 1066 1080 agmina
1100 1011 1231 1063 sunt
1264 1013 1499 1077 vocata,
1548 1007 1749 1079 quibus
1783 1008 1857 1063 ad
1893 1007 2262 1063 exercendum
2289 1005 2564 1080 judicium
2600 1020 2825 1074 semper

220 1092 357 1149 deus
405 1092 758 1164 omnipotens
811 1094 1097 1165 praesidet.
1160 1094 1292 1165 quia
1338 1096 1483 1150 enim
1530 1096 1771 1153 thronos
1823 1097 2024 1153 Latino
2079 1096 2308 1168 eloquio
2367 1096 2515 1151 sedes
2571 1093 2822 1164 dicimus,

218 1181 412 1238 throni
446 1181 537 1237 dei
573 1180 708 1237 dicti
742 1187 874 1236 sunt
906 1181 982 1251 hi,
1020 1182 1116 1253 qui
1150 1185 1310 1238 tanta
1345 1181 1656 1240 divinitatis
1693 1185 1884 1256 gratia
1909 1184 2216 1256 replentur,
2254 1188 2316 1239 ut
2349 1183 2405 1236 in
2443 1182 2526 1237 eis
2563 1181 2820 1240 dominus

220 1268 416 1324 sedeat
450 1272 507 1323 et
541 1284 646 1339 per
681 1284 783 1323 eos
834 1284 939 1323 sua
978 1269 1197 1342 judicia
1233 1269 1498 1326 decernat
1544 1276 1656 1342 (ps.
1694 1273 1745 1340 9,
1782 1274 1865 1341 5).
1937 1272 2209 1327 Cherubim
2243 1270 2531 1342 plenitudo
2568 1270 2820 1325 scientiae

219 1355 450 1425 dicitur,
514 1359 573 1411 et
618 1353 952 1409 sublimiora
982 1354 1100 1409 'illa
1147 1355 1375 1426 agmina
1419 1356 1633 1414 idcirco
1683 1357 1969 1413 cherubim
2016 1363 2225 1415 vocata
2270 1363 2430 1426 sunt,
2492 1357 2622 1428 quia
2657 1362 2826 1413 tanto

215 1439 551 1514 perfectiori
615 1439 851 1496 scientia
898 1439 1067 1510 plena
1111 1447 1271 1513 sunt,
1331 1447 1544 1513 quanto
1580 1444 1898 1499 claritatem
1945 1444 2039 1501 dei
2071 1442 2306 1498 vicinius
2344 1442 2826 1513 contemplantur;

216 1535 285 1587 ut
329 1530 629 1585 secundum
676 1533 957 1584 creaturae
1006 1528 1231 1584 modum
1278 1545 1350 1587 eo
1395 1529 1562 1601 plene
1611 1532 1799 1588 omnia
1846 1532 2055 1601 sciant,
2118 1547 2231 1601 quo
2265 1529 2472 1585 visioni
2507 1527 2824 1584 conditoris

218 1616 312 1672 sui
363 1630 468 1686 per
520 1615 776 1671 meritum
829 1611 1125 1687 dignitati·
1176 1616 1646 1688 appropinquant.
1724 1620 1995 1691 Seraphim
2039 1623 2317 1675 vocantur
2368 1615 2473 1671 illa
2525 1615 2822 1685 spirituum

217 1710 542 1760 sanctorum
577 1704 832 1776 agmina,
887 1717 1013 1773 quae
1049 1718 1120 1758 ex
1155 1703 1433 1775 singulari
1467 1705 1890 1778 propinquitate
1926 1704 2235 1763 conditoris
2270 1702 2358 1758 sui
2391 1701 2825 1772 incomparabili

214 1792 423 1848 ardent
456 1806 677 1861 amore;
738 1790 1027 1861 seraphim
1059 1806 1295 1864 namque
1330 1791 1594 1850 ardentes
1631 1793 1727 1847 vel
1761 1793 2118 1850 incendentes
2153 1795 2457 1858 vocantur,
2494 1804 2620 1859 quae
2637 1828 2653 1858 ,
2689 1790 2822 1860 quia

215 1879 302 1936 ita
336 1880 444 1936 deo
482 1880 788 1952 conjuncta
824 1883 983 1949 sunt,
1018 1882 1082 1935 ut
1115 1879 1264 1934 inter
1300 1877 1425 1936 haee
1461 1883 1521 1934 et
1556 1879 1719 1935 deum
1754 1879 1895 1938 nulli
1928 1880 2030 1936 alii
2062 1878 2296 1950 spiritus
2331 1876 2619 1947 intersint,
2657 1881 2822 1932 tanto

212 1965 401 2040 magis
438 1967 666 2034 ardent,
729 1972 940 2037 quanto
974 1964 1122 2020 hunc
1157 1964 1393 2020 vicinius
1428 1965 1635 2022 vident.

391 2090 464 2144 49
498 2094 755 2163 potestas
791 2090 886 2144 Hs.
956 2090 1027 2142 59
1062 2103 1202 2159 quas
1235 2089 1330 2144 Hs.
1377 2088 1564 2147 Ueber
1598 2088 1699 2145 das
1735 2090 1930 2146 Neutr.
1965 2089 2035 2143 18
2071 2104 2114 2144 s.
2151 2088 2254 2143 No.
2290 2086 2415 2156 306,
2450 2087 2534 2142 37.

394 2208 461 2264 V.
495 2211 546 2264 2.
598 2208 765 2263 trinae
800 2208 1152 2266 hierarchia.
1204 2211 1320 2268 Der
1355 2209 1586 2267 Dichter
1630 2209 1785 2284 folgt
1833 2210 1994 2267 darin
2030 2209 2153 2264 dem
2192 2209 2419 2264 Thomas.
2454 2209 2636 2279 Aquis.
2673 2223 2820 2263 com-

212 2295 379 2396 pend.
419 2296 673 2366 theolog.
710 2312 758 2351 c.
795 2296 929 2366 126,
966 2297 1068 2352 der
1102 2296 1194 2353 die
1230 2311 1377 2353 neun
1408 2297 1764 2419 Engelchore
1799 2298 1944 2354 nach
1981 2295 2478 2367 philosophischen
2512 2295 2819 2352 Ansichten

212 2383 277 2440 in
313 2386 350 2439 3
384 2384 752 2441 Hier-archien
786 2383 1043 2442 abtheilt-

1003 2638 1179 2712 309.
1253 2636 1372 2710 De
1417 2635 1733 2737 angelis,
1794 2637 2039 2709 oratio.

214 2821 475 2887 Novem
527 2822 711 2889 ehori
753 2819 1137 2903 angelorum
1567 2819 1815 2903 Ipsum,
1860 2838 2130 2903 precor,
2179 2830 2476 2904 exorate,

208 2925 284 2989 in
329 2922 518 3007 Syon
562 2925 753 2990 deum
797 2924 1067 2989 deorum
1568 2928 1641 2987 nt
1685 2938 1809 3004 pro
1855 2939 1972 2987 sua
2016 2922 2262 3005 pietate

209 3028 714 3113 contemplando
761 3048 950 3112 quem
990 3024 1230 3091 videtis
1568 3024 1750 3092 lavet
1791 3026 1858 3088 in
1901 3045 2034 3107 me,
2081 3025 2388 3108 quidquid
2436 3024 2694 3109 sordet,

208 3137 285 3196 et
328 3132 529 3214 ipsius
575 3130 1003 3215 congaudetis
1571 3134 1640 3192 et
1681 3129 1990 3210 remittat,
2038 3146 2185 3210 quse
2228 3129 2561 3194 remordet

292 3231 545 3316 jugiter
587 3232 970 3319 praesentia:
1425 3232 1465 3294 5
1657 3230 1859 3295 tristis
1904 3231 2317 3296 conscientia.
2736 3232 2818 3295 10

292 3387 303 3398 ·
389 3366 485 3422 Hs.
521 3383 591 3421 zu
624 3366 1308 3437 Trier,1)ombibliothek
1340 3367 1451 3425 No.
1482 3369 1569 3424 ⁴5.
1606 3367 1666 3424 F·
1706 3367 1807 3423 des
1853 3369 1920 3420 15
1956 3363 2154 3422 Jahrb.

204 3455 920 3616 n‘'¹113anoevi-ige&eche
956 3457 1243 3515 Parallele
1287 3458 1390 3515 mit
1422 3456 1784 3528 Aufziihlung
1832 3456 1935 3512 der
1969 3456 2156 3513 Chore
2190 3453 2270 3509 ist
2304 3450 2574 3525 folgende
2610 3453 2670 3507 in
2710 3452 2817 3509 den

426 3628 510 3685 Ἰὰ
545 3630 817 3704 χερουβὶμ
846 3632 941 3686 καὶ
978 3635 1227 3709 aequom
1810 3634 1902 3695 καὶ
1937 3627 2110 3708 ἀρχαὶ
2144 3627 2467 3685 &eumaem

492 3717 856 3791 πολυόμματα
867 3759 886 3785 ,
1707 3721 1772 3777 σὲ
1811 3719 1906 3776 τὸν
1937 3717 2163 3790 ποιητὴν
2197 3713 2352 3790 ἡμῶν

348 3801 459 3859 τῶν
493 3800 849 3880 &plurumum
885 3804 1208 3883 λειτουργῶν
1813 3809 1906 3862 καὶ
1938 3804 2079 3863 θεὸν
2114 3808 2207 3859 καὶ
2244 3799 2535 3872 δεσπότην,

456 3889 526 3948 τὰ
563 3891 945 3967 στρατεύματα
1168 3951 1173 3958 ,
1707 3892 1786 3967 μὴ
1819 3892 2084 3968 ὑπερίδῃς
2119 3891 2301 3961 δέησιν

459 3979 561 4036 σὺν
597 3980 876 4047 ἐξουσίαις
1810 3978 1947 4036 λαοῦ
1980 3974 2349 4054 ἡμαρτηκότος
2360 4015 2380 4044 ,

348 4063 582 4143 θρόνοι,
620 4064 955 4142 κυριότητες,
1403 4118 1409 4122 ,
1704 4067 1912 4143 xpm-te
1949 4064 2234 4120 πολυέλεεΙ

351 4152 573 4232 ἄγγελοι
611 4153 864 4229 δυνάμεις
898 4171 958 4209 τε

1169 4400 1341 4482 310.
1400 4400 1520 4476 De
1569 4385 1861 4500 angelis.

193 4579 399 4650 Sacri
433 4592 637 4654 coetus
680 4584 962 4669 angelici
1015 4655 1019 4660 ,
1563 4583 1637 4648 ut
1680 4573 1889 4659 possit
1930 4591 1971 4637 a
2001 4591 2117 4636 ,me
2160 4568 2421 4655 perfici,

286 4707 396 4754 me
438 4707 696 4776 semper
734 4688 1098 4773 roboretis,
1654 4676 1829 4764 quod
1870 4675 2052 4759 vovi,
2102 4694 2206 4739 me
2240 4673 2509 4758 juvetis.
