<?xml version="1.0" encoding="UTF-8"?>
<!DOCTYPE html PUBLIC "-//W3C//DTD XHTML 1.0 Transitional//EN"
    "http://www.w3.org/TR/xhtml1/DTD/xhtml1-transitional.dtd">
<html xmlns="http://www.w3.org/1999/xhtml" xml:lang="en" lang="en">
 <head>
  <title>
</title>
<meta http-equiv="Content-Type" content="text/html;charset=utf-8" />
  <meta name='ocr-system' content='tesseract 3.04.00' />
  <meta name='ocr-capabilities' content='ocr_page ocr_carea ocr_par ocr_line ocrx_word'/>
</head>
<body>
  <div class='ocr_page' id='page_1' title='image "./lateinischehymn00unkngoog_0276.png"; bbox 0 0 3159 5259; ppageno 0'>
   <div class='ocr_carea' id='block_1_1' title="bbox 363 292 497 357">
    <p class='ocr_par' dir='ltr' id='par_1_1' title="bbox 363 292 497 357">
     <span class='ocr_line' id='line_1_1' title="bbox 363 292 497 357; baseline 0 0"><span class='ocrx_word' id='word_1_1' title='bbox 363 292 497 357; x_wconf 80' lang='lat'><strong>256</strong></span> 
     </span>
    </p>
   </div>
   <div class='ocr_carea' id='block_1_2' title="bbox 369 461 2992 1141">
    <p class='ocr_par' dir='ltr' id='par_1_2' title="bbox 369 461 2992 1141">
     <span class='ocr_line' id='line_1_2' title="bbox 546 461 2989 533; baseline -0.005 -2"><span class='ocrx_word' id='word_1_2' title='bbox 546 474 649 531; x_wconf 90' lang='lat' dir='ltr'><strong>Die</strong></span> <span class='ocrx_word' id='word_1_3' title='bbox 684 467 1080 530; x_wconf 78' lang='lat' dir='ltr'><strong>Ueberschrift</strong></span> <span class='ocrx_word' id='word_1_4' title='bbox 1112 471 1211 524; x_wconf 78' lang='lat' dir='ltr'><strong>hat</strong></span> <span class='ocrx_word' id='word_1_5' title='bbox 1246 472 1308 525; x_wconf 90' lang='lat' dir='ltr'><strong>B.</strong></span> <span class='ocrx_word' id='word_1_6' title='bbox 1380 471 1428 522; x_wconf 87' lang='lat'><strong>1.</strong></span> <span class='ocrx_word' id='word_1_7' title='bbox 1464 470 1514 523; x_wconf 85' lang='lat'><strong>2.</strong></span> <span class='ocrx_word' id='word_1_8' title='bbox 1548 463 1938 521; x_wconf 86' lang='lat' dir='ltr'><strong>wiederholeu</strong></span> <span class='ocrx_word' id='word_1_9' title='bbox 1973 464 2063 521; x_wconf 83' lang='lat' dir='ltr'><strong>GE</strong></span> <span class='ocrx_word' id='word_1_10' title='bbox 2098 476 2187 518; x_wconf 79' lang='lat' dir='ltr'><strong>am</strong></span> <span class='ocrx_word' id='word_1_11' title='bbox 2225 462 2380 519; x_wconf 83' lang='lat' dir='ltr'><strong>Ende</strong></span> <span class='ocrx_word' id='word_1_12' title='bbox 2418 461 2564 516; x_wconf 85' lang='lat' dir='ltr'><strong>uach</strong></span> <span class='ocrx_word' id='word_1_13' title='bbox 2602 462 2700 533; x_wconf 88' lang='grc'><strong>64,</strong></span> <span class='ocrx_word' id='word_1_14' title='bbox 2738 478 2804 518; x_wconf 73' lang='lat' dir='ltr'><strong>so</strong></span> <span class='ocrx_word' id='word_1_15' title='bbox 2842 464 2989 519; x_wconf 82' lang='lat' dir='ltr'><strong>auch</strong></span> 
     </span>
     <span class='ocr_line' id='line_1_3' title="bbox 371 548 2988 631; baseline -0.006 -12"><span class='ocrx_word' id='word_1_16' title='bbox 371 562 461 619; x_wconf 87' lang='lat' dir='ltr'><strong>die</strong></span> <span class='ocrx_word' id='word_1_17' title='bbox 498 559 789 631; x_wconf 73' lang='lat' dir='ltr'><strong>Speeiales</strong></span> <span class='ocrx_word' id='word_1_18' title='bbox 826 558 1014 612; x_wconf 79' lang='lat' dir='ltr'><strong>missae</strong></span> <span class='ocrx_word' id='word_1_19' title='bbox 1052 558 1343 613; x_wconf 72' lang='lat' dir='ltr'><strong>Constant.</strong></span> <span class='ocrx_word' id='word_1_20' title='bbox 1377 570 1493 610; x_wconf 82' lang='lat' dir='ltr'><strong>von</strong></span> <span class='ocrx_word' id='word_1_21' title='bbox 1531 553 1699 620; x_wconf 86' lang='grc'><strong>1484,</strong></span> <span class='ocrx_word' id='word_1_22' title='bbox 1751 566 1984 606; x_wconf 81' lang='lat' dir='ltr'><strong>woraus</strong></span> <span class='ocrx_word' id='word_1_23' title='bbox 2018 564 2146 603; x_wconf 84' lang='lat' dir='ltr'><strong>man</strong></span> <span class='ocrx_word' id='word_1_24' title='bbox 2184 549 2361 619; x_wconf 69' lang='lat' dir='ltr'><strong>siem,</strong></span> <span class='ocrx_word' id='word_1_25' title='bbox 2411 549 2528 603; x_wconf 80' lang='lat' dir='ltr'><strong>wie</strong></span> <span class='ocrx_word' id='word_1_26' title='bbox 2565 548 2655 602; x_wconf 89' lang='lat' dir='ltr'><strong>die</strong></span> <span class='ocrx_word' id='word_1_27' title='bbox 2689 549 2988 622; x_wconf 67' lang='lat' dir='ltr'><strong>Eingfinge</strong></span> 
     </span>
     <span class='ocr_line' id='line_1_4' title="bbox 370 633 2991 712; baseline -0.005 -7"><span class='ocrx_word' id='word_1_28' title='bbox 370 649 483 705; x_wconf 88' lang='lat' dir='ltr'><strong>und</strong></span> <span class='ocrx_word' id='word_1_29' title='bbox 520 646 923 702; x_wconf 76' lang='lat' dir='ltr'><strong>Schlussverse</strong></span> <span class='ocrx_word' id='word_1_30' title='bbox 972 643 1062 697; x_wconf 82' lang='lat' dir='ltr'><strong>als</strong></span> <span class='ocrx_word' id='word_1_31' title='bbox 1111 658 1426 697; x_wconf 78' lang='lat' dir='ltr'><strong>zusammen</strong></span> <span class='ocrx_word' id='word_1_32' title='bbox 1466 639 1747 712; x_wconf 70' lang='lat' dir='ltr'><strong>gehiirige</strong></span> <span class='ocrx_word' id='word_1_33' title='bbox 1784 637 2071 705; x_wconf 85' lang='lat' dir='ltr'><strong>Strophen</strong></span> <span class='ocrx_word' id='word_1_34' title='bbox 2109 633 2432 691; x_wconf 84' lang='lat' dir='ltr'><strong>betrachtet</strong></span> <span class='ocrx_word' id='word_1_35' title='bbox 2478 636 2733 693; x_wconf 83' lang='lat' dir='ltr'><strong>wurden.</strong></span> <span class='ocrx_word' id='word_1_36' title='bbox 2804 637 2849 693; x_wconf 86' lang='lat' dir='ltr'>C</span> <span class='ocrx_word' id='word_1_37' title='bbox 2887 638 2991 693; x_wconf 83' lang='lat' dir='ltr'><strong>hat</strong></span> 
     </span>
     <span class='ocr_line' id='line_1_5' title="bbox 369 719 2991 800; baseline -0.005 -9"><span class='ocrx_word' id='word_1_38' title='bbox 369 735 664 791; x_wconf 76' lang='lat' dir='ltr'><strong>schwarze</strong></span> <span class='ocrx_word' id='word_1_39' title='bbox 713 731 826 787; x_wconf 86' lang='lat' dir='ltr'><strong>und</strong></span> <span class='ocrx_word' id='word_1_40' title='bbox 872 731 1038 786; x_wconf 84' lang='lat' dir='ltr'><strong>rothe</strong></span> <span class='ocrx_word' id='word_1_41' title='bbox 1086 726 1695 800; x_wconf 79' lang='lat' dir='ltr'><strong>Anfangsbuchstaben</strong></span> <span class='ocrx_word' id='word_1_42' title='bbox 1745 723 1845 778; x_wconf 91' lang='lat' dir='ltr'><strong>der</strong></span> <span class='ocrx_word' id='word_1_43' title='bbox 1894 720 2180 791; x_wconf 84' lang='lat' dir='ltr'><strong>Strophen</strong></span> <span class='ocrx_word' id='word_1_44' title='bbox 2231 719 2326 776; x_wconf 74' lang='lat' dir='ltr'><strong>fiir</strong></span> <span class='ocrx_word' id='word_1_45' title='bbox 2375 721 2466 776; x_wconf 89' lang='lat' dir='ltr'><strong>die</strong></span> <span class='ocrx_word' id='word_1_46' title='bbox 2515 722 2991 779; x_wconf 78' lang='lat' dir='ltr'><strong>abwechselnden</strong></span> 
     </span>
     <span class='ocr_line' id='line_1_6' title="bbox 373 806 2989 889; baseline -0.004 -11"><span class='ocrx_word' id='word_1_47' title='bbox 373 821 560 878; x_wconf 71' lang='lat' dir='ltr'><strong>Chiire</strong></span> <span class='ocrx_word' id='word_1_48' title='bbox 581 860 597 889; x_wconf 93' lang='lat'>‚</span> <span class='ocrx_word' id='word_1_49' title='bbox 659 820 712 875; x_wconf 99' lang='lat' dir='ltr'>A</span> <span class='ocrx_word' id='word_1_50' title='bbox 759 818 970 873; x_wconf 80' lang='lat' dir='ltr'><strong>ebenso</strong></span> <span class='ocrx_word' id='word_1_51' title='bbox 1018 817 1184 873; x_wconf 85' lang='lat' dir='ltr'><strong>rothe</strong></span> <span class='ocrx_word' id='word_1_52' title='bbox 1232 814 1345 869; x_wconf 86' lang='lat' dir='ltr'><strong>und</strong></span> <span class='ocrx_word' id='word_1_53' title='bbox 1390 814 1575 868; x_wconf 81' lang='lat' dir='ltr'><strong>blane.</strong></span> <span class='ocrx_word' id='word_1_54' title='bbox 1647 814 1683 865; x_wconf 89' lang='grc'><strong>4</strong></span> <span class='ocrx_word' id='word_1_55' title='bbox 1732 807 2056 864; x_wconf 80' lang='lat' dir='ltr'><strong>habitacula</strong></span> <span class='ocrx_word' id='word_1_56' title='bbox 2102 807 2162 861; x_wconf 89' lang='lat' dir='ltr'><strong>F.</strong></span> <span class='ocrx_word' id='word_1_57' title='bbox 2234 809 2269 862; x_wconf 87' lang='grc'>8</span> <span class='ocrx_word' id='word_1_58' title='bbox 2318 809 2562 865; x_wconf 86' lang='lat' dir='ltr'><strong>omnium</strong></span> <span class='ocrx_word' id='word_1_59' title='bbox 2609 806 2650 865; x_wconf 74' lang='lat' dir='ltr'><strong>f:</strong></span> <span class='ocrx_word' id='word_1_60' title='bbox 2686 810 2829 866; x_wconf 84' lang='lat' dir='ltr'><strong>hom.</strong></span> <span class='ocrx_word' id='word_1_61' title='bbox 2868 812 2989 867; x_wconf 87' lang='lat' dir='ltr'><strong>AN.</strong></span> 
     </span>
     <span class='ocr_line' id='line_1_7' title="bbox 369 896 2990 963; baseline -0.003 -1"><span class='ocrx_word' id='word_1_62' title='bbox 369 909 442 963; x_wconf 79' lang='lat'><strong>29</strong></span> <span class='ocrx_word' id='word_1_63' title='bbox 477 907 736 962; x_wconf 85' lang='lat' dir='ltr'><strong>machina</strong></span> <span class='ocrx_word' id='word_1_64' title='bbox 769 907 834 961; x_wconf 91' lang='lat' dir='ltr'><strong>A.</strong></span> <span class='ocrx_word' id='word_1_65' title='bbox 916 907 988 959; x_wconf 87' lang='lat'><strong>33</strong></span> <span class='ocrx_word' id='word_1_66' title='bbox 1024 906 1169 959; x_wconf 82' lang='lat' dir='ltr'><strong>nach</strong></span> <span class='ocrx_word' id='word_1_67' title='bbox 1206 919 1304 957; x_wconf 74' lang='lat' dir='ltr'><strong>eas</strong></span> <span class='ocrx_word' id='word_1_68' title='bbox 1339 904 1441 958; x_wconf 88' lang='lat' dir='ltr'><strong>hat</strong></span> <span class='ocrx_word' id='word_1_69' title='bbox 1474 902 1520 957; x_wconf 90' lang='lat' dir='ltr'><strong>D</strong></span> <span class='ocrx_word' id='word_1_70' title='bbox 1575 900 1737 953; x_wconf 88' lang='lat' dir='ltr'><strong>einen</strong></span> <span class='ocrx_word' id='word_1_71' title='bbox 1775 896 1975 951; x_wconf 83' lang='lat' dir='ltr'><strong>Punkt.</strong></span> <span class='ocrx_word' id='word_1_72' title='bbox 2056 896 2128 949; x_wconf 86' lang='grc'><strong>34</strong></span> <span class='ocrx_word' id='word_1_73' title='bbox 2162 911 2365 950; x_wconf 89' lang='lat' dir='ltr'><strong>nomen</strong></span> <span class='ocrx_word' id='word_1_74' title='bbox 2400 896 2460 950; x_wconf 79' lang='lat' dir='ltr'><strong>E.</strong></span> <span class='ocrx_word' id='word_1_75' title='bbox 2546 898 2614 949; x_wconf 84' lang='lat'><strong>55</strong></span> <span class='ocrx_word' id='word_1_76' title='bbox 2651 898 2891 952; x_wconf 78' lang='lat' dir='ltr'><strong>nominis</strong></span> <span class='ocrx_word' id='word_1_77' title='bbox 2926 899 2990 954; x_wconf 82' lang='lat' dir='ltr'><strong>E.</strong></span> 
     </span>
     <span class='ocr_line' id='line_1_8' title="bbox 371 982 2992 1058; baseline -0.003 -9"><span class='ocrx_word' id='word_1_78' title='bbox 371 994 533 1049; x_wconf 85' lang='lat' dir='ltr'><strong>Nach</strong></span> <span class='ocrx_word' id='word_1_79' title='bbox 570 994 641 1047; x_wconf 87' lang='grc'><strong>64</strong></span> <span class='ocrx_word' id='word_1_80' title='bbox 677 993 754 1047; x_wconf 79' lang='lat' dir='ltr'><strong>ist</strong></span> <span class='ocrx_word' id='word_1_81' title='bbox 787 1008 900 1048; x_wconf 83' lang='lat' dir='ltr'><strong>von</strong></span> <span class='ocrx_word' id='word_1_82' title='bbox 938 991 1179 1046; x_wconf 80' lang='lat' dir='ltr'>auderet</span> <span class='ocrx_word' id='word_1_83' title='bbox 1214 990 1308 1045; x_wconf 84' lang='lat' dir='ltr'><strong>Hs.</strong></span> <span class='ocrx_word' id='word_1_84' title='bbox 1345 990 1404 1044; x_wconf 85' lang='lat' dir='ltr'><strong>in</strong></span> <span class='ocrx_word' id='word_1_85' title='bbox 1439 990 1492 1045; x_wconf 99' lang='lat' dir='ltr'>A</span> <span class='ocrx_word' id='word_1_86' title='bbox 1525 983 1850 1058; x_wconf 76' lang='lat' dir='ltr'><strong>beigeffigt:</strong></span> <span class='ocrx_word' id='word_1_87' title='bbox 1902 985 1988 1039; x_wconf 88' lang='lat' dir='ltr'><strong>Tu</strong></span> <span class='ocrx_word' id='word_1_88' title='bbox 2023 982 2201 1039; x_wconf 80' lang='lat' dir='ltr'><strong>corda</strong></span> <span class='ocrx_word' id='word_1_89' title='bbox 2235 988 2436 1038; x_wconf 85' lang='lat' dir='ltr'><strong>nostra</strong></span> <span class='ocrx_word' id='word_1_90' title='bbox 2471 999 2696 1054; x_wconf 79' lang='lat' dir='ltr'><strong>semper</strong></span> <span class='ocrx_word' id='word_1_91' title='bbox 2730 984 2992 1058; x_wconf 79' lang='lat' dir='ltr'><strong>illustra3</strong></span> 
     </span>
     <span class='ocr_line' id='line_1_9' title="bbox 375 1068 2897 1141; baseline -0.004 -4"><span class='ocrx_word' id='word_1_92' title='bbox 375 1082 532 1137; x_wconf 79' lang='lat' dir='ltr'><strong>dieee</strong></span> <span class='ocrx_word' id='word_1_93' title='bbox 568 1080 749 1134; x_wconf 82' lang='lat' dir='ltr'><strong>Verse</strong></span> <span class='ocrx_word' id='word_1_94' title='bbox 784 1078 969 1132; x_wconf 85' lang='lat' dir='ltr'><strong>haben</strong></span> <span class='ocrx_word' id='word_1_95' title='bbox 1006 1077 1266 1132; x_wconf 81' lang='lat' dir='ltr'><strong>dasselbe</strong></span> <span class='ocrx_word' id='word_1_96' title='bbox 1302 1076 1455 1131; x_wconf 78' lang='lat' dir='ltr'><strong>Mass</strong></span> <span class='ocrx_word' id='word_1_97' title='bbox 1489 1075 1604 1129; x_wconf 79' lang='lat' dir='ltr'><strong>wie</strong></span> <span class='ocrx_word' id='word_1_98' title='bbox 1640 1074 1726 1126; x_wconf 88' lang='grc'><strong>63.</strong></span> <span class='ocrx_word' id='word_1_99' title='bbox 1761 1072 1847 1140; x_wconf 86' lang='grc'><strong>64,</strong></span> <span class='ocrx_word' id='word_1_100' title='bbox 1885 1070 2010 1123; x_wconf 76' lang='lat' dir='ltr'><strong>sind</strong></span> <span class='ocrx_word' id='word_1_101' title='bbox 2045 1068 2183 1124; x_wconf 84' lang='lat' dir='ltr'><strong>aber</strong></span> <span class='ocrx_word' id='word_1_102' title='bbox 2219 1068 2311 1124; x_wconf 89' lang='lat' dir='ltr'><strong>ein</strong></span> <span class='ocrx_word' id='word_1_103' title='bbox 2347 1072 2609 1141; x_wconf 64' lang='lat' dir='ltr'><strong>spaterer</strong></span> <span class='ocrx_word' id='word_1_104' title='bbox 2644 1070 2897 1128; x_wconf 76' lang='lat' dir='ltr'><strong>Schluss.</strong></span> 
     </span>
    </p>
   </div>
   <div class='ocr_carea' id='block_1_3' title="bbox 376 1172 2990 1601">
    <p class='ocr_par' dir='ltr' id='par_1_3' title="bbox 376 1172 2990 1601">
     <span class='ocr_line' id='line_1_10' title="bbox 549 1172 2990 1252; baseline -0.002 -13"><span class='ocrx_word' id='word_1_105' title='bbox 549 1185 663 1239; x_wconf 78' lang='lat' dir='ltr'><strong>Das</strong></span> <span class='ocrx_word' id='word_1_106' title='bbox 698 1183 836 1238; x_wconf 88' lang='lat' dir='ltr'><strong>Lied</strong></span> <span class='ocrx_word' id='word_1_107' title='bbox 870 1183 946 1237; x_wconf 88' lang='lat' dir='ltr'><strong>ist</strong></span> <span class='ocrx_word' id='word_1_108' title='bbox 980 1183 1113 1237; x_wconf 80' lang='lat' dir='ltr'><strong>sehr</strong></span> <span class='ocrx_word' id='word_1_109' title='bbox 1148 1179 1523 1252; x_wconf 67' lang='lat' dir='ltr'><strong>regelmfissig</strong></span> <span class='ocrx_word' id='word_1_110' title='bbox 1560 1177 1799 1247; x_wconf 59' lang='lat' dir='ltr'><strong>gebat,</strong></span> <span class='ocrx_word' id='word_1_111' title='bbox 1867 1175 1966 1229; x_wconf 87' lang='lat' dir='ltr'><strong>der</strong></span> <span class='ocrx_word' id='word_1_112' title='bbox 2003 1174 2211 1228; x_wconf 71' lang='lat' dir='ltr'><strong>&#39;sextus</strong></span> <span class='ocrx_word' id='word_1_113' title='bbox 2257 1174 2673 1244; x_wconf 70' lang='lat' dir='ltr'><strong>sequentiarum</strong></span> <span class='ocrx_word' id='word_1_114' title='bbox 2707 1172 2745 1229; x_wconf 89' lang='lat' dir='ltr'><strong>f.</strong></span> <span class='ocrx_word' id='word_1_115' title='bbox 2780 1177 2850 1229; x_wconf 83' lang='grc'><strong>46</strong></span> <span class='ocrx_word' id='word_1_116' title='bbox 2885 1177 2990 1234; x_wconf 85' lang='lat' dir='ltr'><strong>hat</strong></span> 
     </span>
     <span class='ocr_line' id='line_1_11' title="bbox 377 1261 2989 1343; baseline -0.002 -20"><span class='ocrx_word' id='word_1_117' title='bbox 377 1287 562 1327; x_wconf 80' lang='lat' dir='ltr'><strong>zwar·</strong></span> <span class='ocrx_word' id='word_1_118' title='bbox 577 1270 859 1343; x_wconf 77' lang='lat' dir='ltr'><strong>jedesmal</strong></span> <span class='ocrx_word' id='word_1_119' title='bbox 909 1272 945 1323; x_wconf 82' lang='lat'><strong>2</strong></span> <span class='ocrx_word' id='word_1_120' title='bbox 999 1267 1284 1337; x_wconf 87' lang='lat' dir='ltr'><strong>Strophen</strong></span> <span class='ocrx_word' id='word_1_121' title='bbox 1340 1265 1397 1318; x_wconf 91' lang='lat' dir='ltr'><strong>in</strong></span> <span class='ocrx_word' id='word_1_122' title='bbox 1446 1263 1610 1318; x_wconf 89' lang='lat' dir='ltr'><strong>einen</strong></span> <span class='ocrx_word' id='word_1_123' title='bbox 1661 1261 1872 1320; x_wconf 73' lang='lat' dir='ltr'><strong>Abeatz</strong></span> <span class='ocrx_word' id='word_1_124' title='bbox 1926 1274 2239 1314; x_wconf 77' lang='lat' dir='ltr'><strong>zusammen</strong></span> <span class='ocrx_word' id='word_1_125' title='bbox 2294 1261 2601 1330; x_wconf 85' lang='lat' dir='ltr'><strong>gedruckt,</strong></span> <span class='ocrx_word' id='word_1_126' title='bbox 2665 1263 2802 1317; x_wconf 84' lang='lat' dir='ltr'><strong>aber</strong></span> <span class='ocrx_word' id='word_1_127' title='bbox 2838 1263 2989 1319; x_wconf 82' lang='lat' dir='ltr'><strong>doch</strong></span> 
     </span>
     <span class='ocr_line' id='line_1_12' title="bbox 377 1346 2988 1426; baseline -0.003 -13"><span class='ocrx_word' id='word_1_128' title='bbox 377 1358 467 1413; x_wconf 91' lang='lat' dir='ltr'><strong>die</strong></span> <span class='ocrx_word' id='word_1_129' title='bbox 503 1354 767 1426; x_wconf 78' lang='lat' dir='ltr'><strong>Anfange</strong></span> <span class='ocrx_word' id='word_1_130' title='bbox 803 1355 906 1410; x_wconf 88' lang='lat' dir='ltr'><strong>der</strong></span> <span class='ocrx_word' id='word_1_131' title='bbox 941 1355 1226 1424; x_wconf 84' lang='lat' dir='ltr'><strong>Strophen</strong></span> <span class='ocrx_word' id='word_1_132' title='bbox 1277 1352 1453 1407; x_wconf 84' lang='lat' dir='ltr'><strong>durch</strong></span> <span class='ocrx_word' id='word_1_133' title='bbox 1499 1366 1704 1422; x_wconf 78' lang='lat' dir='ltr'><strong>grosse</strong></span> <span class='ocrx_word' id='word_1_134' title='bbox 1742 1347 2098 1405; x_wconf 84' lang='lat' dir='ltr'><strong>Buchstaben</strong></span> <span class='ocrx_word' id='word_1_135' title='bbox 2134 1346 2489 1416; x_wconf 78' lang='lat' dir='ltr'><strong>bezeichnet,</strong></span> <span class='ocrx_word' id='word_1_136' title='bbox 2552 1351 2828 1405; x_wconf 81' lang='lat' dir='ltr'><strong>wodurch</strong></span> <span class='ocrx_word' id='word_1_137' title='bbox 2864 1352 2988 1406; x_wconf 76' lang='lat' dir='ltr'><strong>sich</strong></span> 
     </span>
     <span class='ocr_line' id='line_1_13' title="bbox 376 1432 2989 1517; baseline -0.001 -20"><span class='ocrx_word' id='word_1_138' title='bbox 376 1442 467 1497; x_wconf 89' lang='lat' dir='ltr'><strong>die</strong></span> <span class='ocrx_word' id='word_1_139' title='bbox 514 1441 932 1514; x_wconf 82' lang='lat' dir='ltr'><strong>Abtheilungen</strong></span> <span class='ocrx_word' id='word_1_140' title='bbox 984 1439 1159 1517; x_wconf 64' lang='lat' dir='ltr'><strong>ieieht</strong></span> <span class='ocrx_word' id='word_1_141' title='bbox 1206 1439 1513 1495; x_wconf 82' lang='lat' dir='ltr'><strong>herstellen</strong></span> <span class='ocrx_word' id='word_1_142' title='bbox 1568 1438 1776 1492; x_wconf 77' lang='lat' dir='ltr'><strong>lassen.</strong></span> <span class='ocrx_word' id='word_1_143' title='bbox 1860 1435 2020 1492; x_wconf 85' lang='lat' dir='ltr'><strong>Auch</strong></span> <span class='ocrx_word' id='word_1_144' title='bbox 2054 1432 2149 1492; x_wconf 86' lang='lat' dir='ltr'><strong>bei</strong></span> <span class='ocrx_word' id='word_1_145' title='bbox 2184 1435 2237 1490; x_wconf 92' lang='lat' dir='ltr'>N</span> <span class='ocrx_word' id='word_1_146' title='bbox 2290 1436 2418 1493; x_wconf 77' lang='lat' dir='ltr'><strong>sind</strong></span> <span class='ocrx_word' id='word_1_147' title='bbox 2452 1436 2511 1491; x_wconf 92' lang='lat' dir='ltr'><strong>in</strong></span> <span class='ocrx_word' id='word_1_148' title='bbox 2544 1436 2836 1493; x_wconf 73' lang='lat' dir='ltr'><strong>melu-eren</strong></span> <span class='ocrx_word' id='word_1_149' title='bbox 2871 1440 2989 1495; x_wconf 88' lang='lat' dir='ltr'><strong>Ab·</strong></span> 
     </span>
     <span class='ocr_line' id='line_1_14' title="bbox 376 1525 1647 1601; baseline -0.006 -15"><span class='ocrx_word' id='word_1_150' title='bbox 376 1532 572 1587; x_wconf 75' lang='lat' dir='ltr'><strong>siitzen</strong></span> <span class='ocrx_word' id='word_1_151' title='bbox 606 1534 642 1585; x_wconf 83' lang='lat'>2</span> <span class='ocrx_word' id='word_1_152' title='bbox 677 1530 961 1601; x_wconf 87' lang='lat' dir='ltr'><strong>Strophen</strong></span> <span class='ocrx_word' id='word_1_153' title='bbox 1000 1544 1315 1584; x_wconf 80' lang='lat' dir='ltr'><strong>zusammen</strong></span> <span class='ocrx_word' id='word_1_154' title='bbox 1352 1525 1647 1598; x_wconf 82' lang='lat' dir='ltr'><strong>gedruckt.</strong></span> 
     </span>
    </p>
   </div>
   <div class='ocr_carea' id='block_1_4' title="bbox 376 1661 2997 2779">
    <p class='ocr_par' dir='ltr' id='par_1_4' title="bbox 376 1661 2997 2779">
     <span class='ocr_line' id='line_1_15' title="bbox 552 1661 2989 1739; baseline -0.003 -15"><span class='ocrx_word' id='word_1_155' title='bbox 552 1671 619 1724; x_wconf 84' lang='lat' dir='ltr'><strong>V.</strong></span> <span class='ocrx_word' id='word_1_156' title='bbox 653 1671 903 1724; x_wconf 81' lang='lat'><strong>23—28.</strong></span> <span class='ocrx_word' id='word_1_157' title='bbox 960 1669 1121 1737; x_wconf 78' lang='lat' dir='ltr'><strong>Quod</strong></span> <span class='ocrx_word' id='word_1_158' title='bbox 1168 1667 1627 1739; x_wconf 71' lang='lat' dir='ltr'><strong>praedicaverunt</strong></span> <span class='ocrx_word' id='word_1_159' title='bbox 1675 1662 1953 1734; x_wconf 82' lang='lat' dir='ltr'><strong>apostoli,</strong></span> <span class='ocrx_word' id='word_1_160' title='bbox 2009 1662 2119 1715; x_wconf 85' lang='lat' dir='ltr'><strong>hoc</strong></span> <span class='ocrx_word' id='word_1_161' title='bbox 2168 1661 2643 1717; x_wconf 80' lang='lat' dir='ltr'><strong>annuntiaverunt</strong></span> <span class='ocrx_word' id='word_1_162' title='bbox 2679 1662 2989 1732; x_wconf 74' lang='lat' dir='ltr'><strong>prophetae.</strong></span> 
     </span>
     <span class='ocr_line' id='line_1_16' title="bbox 376 1749 2990 1826; baseline -0.002 -14"><span class='ocrx_word' id='word_1_163' title='bbox 376 1758 534 1813; x_wconf 85' lang='lat' dir='ltr'><strong>Leon.</strong></span> <span class='ocrx_word' id='word_1_164' title='bbox 571 1772 636 1810; x_wconf 73' lang='lat' dir='ltr'><strong>m.</strong></span> <span class='ocrx_word' id='word_1_165' title='bbox 673 1772 837 1810; x_wconf 81' lang='lat' dir='ltr'><strong>serm.</strong></span> <span class='ocrx_word' id='word_1_166' title='bbox 872 1758 961 1824; x_wconf 84' lang='lat'><strong>23,</strong></span> <span class='ocrx_word' id='word_1_167' title='bbox 997 1758 1046 1809; x_wconf 90' lang='grc'><strong>4.</strong></span> <span class='ocrx_word' id='word_1_168' title='bbox 1118 1757 1278 1822; x_wconf 82' lang='lat' dir='ltr'><strong>Quod</strong></span> <span class='ocrx_word' id='word_1_169' title='bbox 1315 1752 1651 1826; x_wconf 83' lang='lat' dir='ltr'><strong>prophetica</strong></span> <span class='ocrx_word' id='word_1_170' title='bbox 1695 1750 1898 1806; x_wconf 82' lang='lat' dir='ltr'><strong>cecinit</strong></span> <span class='ocrx_word' id='word_1_171' title='bbox 1934 1750 2098 1817; x_wconf 84' lang='lat' dir='ltr'><strong>tuba,</strong></span> <span class='ocrx_word' id='word_1_172' title='bbox 2135 1749 2471 1819; x_wconf 80' lang='lat' dir='ltr'><strong>evangelica</strong></span> <span class='ocrx_word' id='word_1_173' title='bbox 2505 1750 2698 1819; x_wconf 82' lang='lat' dir='ltr'><strong>pandit</strong></span> <span class='ocrx_word' id='word_1_174' title='bbox 2732 1750 2990 1807; x_wconf 85' lang='lat' dir='ltr'><strong>historia.</strong></span> 
     </span>
     <span class='ocr_line' id='line_1_17' title="bbox 379 1835 2990 1911; baseline -0.002 -13"><span class='ocrx_word' id='word_1_175' title='bbox 379 1843 527 1898; x_wconf 85' lang='lat' dir='ltr'><strong>unde</strong></span> <span class='ocrx_word' id='word_1_176' title='bbox 563 1839 702 1896; x_wconf 81' lang='lat' dir='ltr'><strong>fides</strong></span> <span class='ocrx_word' id='word_1_177' title='bbox 740 1847 938 1896; x_wconf 82' lang='lat' dir='ltr'><strong>nostra</strong></span> <span class='ocrx_word' id='word_1_178' title='bbox 974 1841 1405 1911; x_wconf 86' lang='lat' dir='ltr'><strong>intelligentiam</strong></span> <span class='ocrx_word' id='word_1_179' title='bbox 1445 1842 1728 1906; x_wconf 84' lang='lat' dir='ltr'><strong>sumeret,</strong></span> <span class='ocrx_word' id='word_1_180' title='bbox 1764 1837 1910 1891; x_wconf 90' lang='lat' dir='ltr'><strong>unde</strong></span> <span class='ocrx_word' id='word_1_181' title='bbox 1949 1835 2294 1890; x_wconf 80' lang='lat' dir='ltr'><strong>conscientia</strong></span> <span class='ocrx_word' id='word_1_182' title='bbox 2328 1836 2508 1891; x_wconf 87' lang='lat' dir='ltr'><strong>robur</strong></span> <span class='ocrx_word' id='word_1_183' title='bbox 2545 1837 2841 1907; x_wconf 83' lang='lat' dir='ltr'><strong>acciperet,</strong></span> <span class='ocrx_word' id='word_1_184' title='bbox 2880 1839 2990 1893; x_wconf 81' lang='lat' dir='ltr'><strong>nisi</strong></span> 
     </span>
     <span class='ocr_line' id='line_1_18' title="bbox 379 1922 2988 2002; baseline -0.002 -17"><span class='ocrx_word' id='word_1_185' title='bbox 379 1946 506 2002; x_wconf 74' lang='lat' dir='ltr'><strong>quae</strong></span> <span class='ocrx_word' id='word_1_186' title='bbox 544 1927 698 1985; x_wconf 81' lang='lat' dir='ltr'><strong>facta</strong></span> <span class='ocrx_word' id='word_1_187' title='bbox 733 1929 1142 2000; x_wconf 64' lang='lat' dir='ltr'><strong>cognoscimnrn,</strong></span> <span class='ocrx_word' id='word_1_188' title='bbox 1178 1929 1453 2000; x_wconf 72' lang='lat' dir='ltr'><strong>praedicta</strong></span> <span class='ocrx_word' id='word_1_189' title='bbox 1488 1924 1848 1997; x_wconf 62' lang='lat' dir='ltr'><strong>legeremus?</strong></span> <span class='ocrx_word' id='word_1_190' title='bbox 1916 1923 2072 1977; x_wconf 83' lang='lat' dir='ltr'><strong>Leon.</strong></span> <span class='ocrx_word' id='word_1_191' title='bbox 2110 1922 2180 1977; x_wconf 79' lang='lat' dir='ltr'><strong>M.</strong></span> <span class='ocrx_word' id='word_1_192' title='bbox 2218 1938 2379 1978; x_wconf 82' lang='lat' dir='ltr'><strong>serm.</strong></span> <span class='ocrx_word' id='word_1_193' title='bbox 2417 1924 2504 1992; x_wconf 82' lang='lat'><strong>60,</strong></span> <span class='ocrx_word' id='word_1_194' title='bbox 2544 1926 2588 1978; x_wconf 93' lang='lat'><strong>1.</strong></span> <span class='ocrx_word' id='word_1_195' title='bbox 2658 1926 2899 1980; x_wconf 65' lang='lat' dir='ltr'><strong>Athama</strong></span> <span class='ocrx_word' id='word_1_196' title='bbox 2928 1926 2988 1981; x_wconf 88' lang='lat' dir='ltr'><strong>in</strong></span> 
     </span>
     <span class='ocr_line' id='line_1_19' title="bbox 378 2006 2989 2089; baseline -0.002 -17"><span class='ocrx_word' id='word_1_197' title='bbox 378 2034 465 2089; x_wconf 80' lang='lat' dir='ltr'><strong>ps.</strong></span> <span class='ocrx_word' id='word_1_198' title='bbox 521 2018 640 2083; x_wconf 89' lang='lat'><strong>113,</strong></span> <span class='ocrx_word' id='word_1_199' title='bbox 691 2017 741 2069; x_wconf 82' lang='lat'><strong>8.</strong></span> <span class='ocrx_word' id='word_1_200' title='bbox 794 2018 847 2070; x_wconf 74' lang='grc' dir='ltr'><strong>οἱ</strong></span> <span class='ocrx_word' id='word_1_201' title='bbox 899 2016 959 2069; x_wconf 78' lang='grc' dir='ltr'><strong>ἐκ</strong></span> <span class='ocrx_word' id='word_1_202' title='bbox 1011 2014 1116 2069; x_wconf 80' lang='grc' dir='ltr'><strong>τῶν</strong></span> <span class='ocrx_word' id='word_1_203' title='bbox 1169 2012 1462 2089; x_wconf 73' lang='grc' dir='ltr'><em>προφητῶν</em></span> <span class='ocrx_word' id='word_1_204' title='bbox 1507 2010 1904 2077; x_wconf 78' lang='grc' dir='ltr'><strong><em>ἇνατείλαντες,</em></strong></span> <span class='ocrx_word' id='word_1_205' title='bbox 1956 2012 2232 2066; x_wconf 72' lang='grc' dir='ltr'><strong><em>τουτέστιν</em></strong></span> <span class='ocrx_word' id='word_1_206' title='bbox 2280 2013 2335 2065; x_wconf 81' lang='grc' dir='ltr'><strong>οἱ</strong></span> <span class='ocrx_word' id='word_1_207' title='bbox 2372 2006 2684 2066; x_wconf 78' lang='grc' dir='ltr'><strong><em>ἀπόστολοι.</em></strong></span> <span class='ocrx_word' id='word_1_208' title='bbox 2754 2012 2989 2068; x_wconf 85' lang='lat' dir='ltr'><strong>chorum</strong></span> 
     </span>
     <span class='ocr_line' id='line_1_20' title="bbox 380 2098 2988 2171; baseline -0 -17"><span class='ocrx_word' id='word_1_209' title='bbox 380 2100 782 2171; x_wconf 84' lang='lat' dir='ltr'><strong>prophetarum</strong></span> <span class='ocrx_word' id='word_1_210' title='bbox 829 2100 942 2155; x_wconf 89' lang='lat' dir='ltr'><strong>und</strong></span> <span class='ocrx_word' id='word_1_211' title='bbox 980 2102 1210 2155; x_wconf 89' lang='lat' dir='ltr'><strong>chorum</strong></span> <span class='ocrx_word' id='word_1_212' title='bbox 1246 2101 1639 2171; x_wconf 85' lang='lat' dir='ltr'><strong>apostolorum</strong></span> <span class='ocrx_word' id='word_1_213' title='bbox 1676 2099 1913 2153; x_wconf 84' lang='lat' dir='ltr'><strong>braucht</strong></span> <span class='ocrx_word' id='word_1_214' title='bbox 1959 2098 2202 2152; x_wconf 69' lang='lat' dir='ltr'><strong>Albanas.</strong></span> <span class='ocrx_word' id='word_1_215' title='bbox 2253 2098 2312 2151; x_wconf 89' lang='lat' dir='ltr'><strong>in</strong></span> <span class='ocrx_word' id='word_1_216' title='bbox 2346 2115 2429 2168; x_wconf 82' lang='lat' dir='ltr'><strong>ps.</strong></span> <span class='ocrx_word' id='word_1_217' title='bbox 2466 2100 2551 2166; x_wconf 78' lang='lat'><strong>87,</strong></span> <span class='ocrx_word' id='word_1_218' title='bbox 2604 2099 2720 2151; x_wconf 87' lang='grc'><strong>156.</strong></span> <span class='ocrx_word' id='word_1_219' title='bbox 2756 2098 2843 2153; x_wconf 82' lang='lat' dir='ltr'><strong>als</strong></span> <span class='ocrx_word' id='word_1_220' title='bbox 2881 2099 2988 2153; x_wconf 90' lang='lat' dir='ltr'><strong>Pa-</strong></span> 
     </span>
     <span class='ocr_line' id='line_1_21' title="bbox 379 2182 2991 2261; baseline -0.002 -18"><span class='ocrx_word' id='word_1_221' title='bbox 379 2187 598 2243; x_wconf 82' lang='lat' dir='ltr'><strong>rallele.</strong></span> <span class='ocrx_word' id='word_1_222' title='bbox 646 2188 727 2242; x_wconf 85' lang='lat' dir='ltr'><strong>So</strong></span> <span class='ocrx_word' id='word_1_223' title='bbox 767 2203 850 2256; x_wconf 83' lang='lat' dir='ltr'><strong>ps.</strong></span> <span class='ocrx_word' id='word_1_224' title='bbox 890 2188 975 2256; x_wconf 82' lang='lat'><strong>91,</strong></span> <span class='ocrx_word' id='word_1_225' title='bbox 1010 2190 1095 2241; x_wconf 76' lang='lat'><strong>27.</strong></span> <span class='ocrx_word' id='word_1_226' title='bbox 1166 2190 1318 2242; x_wconf 77' lang='grc' dir='ltr'><strong><em>ἔσται</em></strong></span> <span class='ocrx_word' id='word_1_227' title='bbox 1362 2188 1656 2260; x_wconf 78' lang='grc' dir='ltr'><strong><em>βεβαίωσις</em></strong></span> <span class='ocrx_word' id='word_1_228' title='bbox 1692 2182 1799 2241; x_wconf 79' lang='grc' dir='ltr'><strong>τῶν</strong></span> <span class='ocrx_word' id='word_1_229' title='bbox 1834 2183 2186 2261; x_wconf 74' lang='grc' dir='ltr'><strong><em>προφητικῶν</em></strong></span> <span class='ocrx_word' id='word_1_230' title='bbox 2235 2184 2410 2256; x_wconf 72' lang='grc' dir='ltr'><strong><em>λόγων</em></strong></span> <span class='ocrx_word' id='word_1_231' title='bbox 2464 2186 2528 2242; x_wconf 87' lang='grc' dir='ltr'><strong><em>τὸ</em></strong></span> <span class='ocrx_word' id='word_1_232' title='bbox 2578 2184 2833 2261; x_wconf 65' lang='grc' dir='ltr'><strong><em>κήρυγμα</em></strong></span> <span class='ocrx_word' id='word_1_233' title='bbox 2884 2184 2991 2241; x_wconf 76' lang='grc' dir='ltr'><strong>τῶν</strong></span> 
     </span>
     <span class='ocr_line' id='line_1_22' title="bbox 382 2269 2997 2345; baseline -0.002 -14"><span class='ocrx_word' id='word_1_234' title='bbox 382 2272 723 2331; x_wconf 74' lang='grc' dir='ltr'><strong><em>ἀποστόλων.</em></strong></span> <span class='ocrx_word' id='word_1_235' title='bbox 785 2274 1027 2329; x_wconf 66' lang='lat' dir='ltr'><strong>Athana-³.</strong></span> <span class='ocrx_word' id='word_1_236' title='bbox 1063 2274 1120 2328; x_wconf 90' lang='lat' dir='ltr'><strong>in</strong></span> <span class='ocrx_word' id='word_1_237' title='bbox 1156 2290 1241 2345; x_wconf 84' lang='lat' dir='ltr'><strong>ps.</strong></span> <span class='ocrx_word' id='word_1_238' title='bbox 1277 2277 1363 2342; x_wconf 71' lang='lat'><strong>71,</strong></span> <span class='ocrx_word' id='word_1_239' title='bbox 1401 2276 1490 2329; x_wconf 89' lang='lat'><strong>33.</strong></span> <span class='ocrx_word' id='word_1_240' title='bbox 1561 2274 1800 2343; x_wconf 71' lang='lat' dir='ltr'><strong>Oriqenis</strong></span> <span class='ocrx_word' id='word_1_241' title='bbox 1845 2272 2034 2327; x_wconf 86' lang='lat' dir='ltr'><strong>homil.</strong></span> <span class='ocrx_word' id='word_1_242' title='bbox 2074 2274 2160 2339; x_wconf 89' lang='grc'><strong>14,</strong></span> <span class='ocrx_word' id='word_1_243' title='bbox 2202 2274 2271 2326; x_wconf 90' lang='grc'><strong>14</strong></span> <span class='ocrx_word' id='word_1_244' title='bbox 2316 2269 2475 2328; x_wconf 79' lang='lat' dir='ltr'><strong>ffihrt</strong></span> <span class='ocrx_word' id='word_1_245' title='bbox 2522 2270 2821 2344; x_wconf 68' lang='lat' dir='ltr'><strong>folgenden</strong></span> <span class='ocrx_word' id='word_1_246' title='bbox 2862 2274 2997 2327; x_wconf 80' lang='lat' dir='ltr'><strong>sehr</strong></span> 
     </span>
     <span class='ocr_line' id='line_1_23' title="bbox 380 2357 2993 2436; baseline -0.001 -18"><span class='ocrx_word' id='word_1_247' title='bbox 380 2362 499 2418; x_wconf 80' lang='lat' dir='ltr'><strong>alte</strong></span> <span class='ocrx_word' id='word_1_248' title='bbox 536 2361 953 2433; x_wconf 82' lang='lat' dir='ltr'><strong>Kirchengebet</strong></span> <span class='ocrx_word' id='word_1_249' title='bbox 988 2376 1087 2416; x_wconf 78' lang='lat' dir='ltr'><strong>an:</strong></span> <span class='ocrx_word' id='word_1_250' title='bbox 1151 2358 1413 2423; x_wconf 80' lang='grc' dir='ltr'><strong><em>πολλάκις</em></strong></span> <span class='ocrx_word' id='word_1_251' title='bbox 1460 2361 1518 2417; x_wconf 68' lang='grc' dir='ltr'><strong>ἐν</strong></span> <span class='ocrx_word' id='word_1_252' title='bbox 1565 2369 1687 2423; x_wconf 77' lang='grc' dir='ltr'><strong><em>ταῖς</em></strong></span> <span class='ocrx_word' id='word_1_253' title='bbox 1740 2357 1928 2429; x_wconf 74' lang='grc' dir='ltr'><strong><em>εὐχαῖς</em></strong></span> <span class='ocrx_word' id='word_1_254' title='bbox 1977 2363 2232 2432; x_wconf 66' lang='grc' dir='ltr'><strong><em>λέγομεν·</em></strong></span> <span class='ocrx_word' id='word_1_255' title='bbox 2287 2360 2391 2415; x_wconf 78' lang='grc' dir='ltr'><strong>θεὲ</strong></span> <span class='ocrx_word' id='word_1_256' title='bbox 2429 2359 2832 2436; x_wconf 80' lang='grc' dir='ltr'><strong><em>παντοκράτορ,</em></strong></span> <span class='ocrx_word' id='word_1_257' title='bbox 2896 2360 2993 2433; x_wconf 74' lang='grc' dir='ltr'><strong>τὴν</strong></span> 
     </span>
     <span class='ocr_line' id='line_1_24' title="bbox 380 2444 2993 2524; baseline -0 -21"><span class='ocrx_word' id='word_1_258' title='bbox 380 2449 582 2524; x_wconf 77' lang='grc' dir='ltr'><strong><em>μερίδα</em></strong></span> <span class='ocrx_word' id='word_1_259' title='bbox 633 2444 789 2520; x_wconf 77' lang='grc' dir='ltr'><strong><em>ἡμῶν</em></strong></span> <span class='ocrx_word' id='word_1_260' title='bbox 826 2446 964 2520; x_wconf 80' lang='grc' dir='ltr'><strong><em>μετὰ</em></strong></span> <span class='ocrx_word' id='word_1_261' title='bbox 1000 2446 1108 2502; x_wconf 77' lang='grc' dir='ltr'><strong>τῶν</strong></span> <span class='ocrx_word' id='word_1_262' title='bbox 1143 2445 1440 2524; x_wconf 78' lang='grc' dir='ltr'><strong><em>προφητῶν</em></strong></span> <span class='ocrx_word' id='word_1_263' title='bbox 1478 2445 1606 2510; x_wconf 81' lang='grc' dir='ltr'><strong><em>δός·</em></strong></span> <span class='ocrx_word' id='word_1_264' title='bbox 1658 2446 1760 2517; x_wconf 69' lang='grc' dir='ltr'><strong>τὴν</strong></span> <span class='ocrx_word' id='word_1_265' title='bbox 1794 2447 1994 2522; x_wconf 75' lang='grc' dir='ltr'><strong><em>μερίδα</em></strong></span> <span class='ocrx_word' id='word_1_266' title='bbox 2030 2445 2186 2519; x_wconf 75' lang='grc' dir='ltr'><strong><em>ἡμῶν</em></strong></span> <span class='ocrx_word' id='word_1_267' title='bbox 2220 2446 2359 2519; x_wconf 76' lang='grc' dir='ltr'><strong><em>μετὰ</em></strong></span> <span class='ocrx_word' id='word_1_268' title='bbox 2394 2446 2502 2502; x_wconf 79' lang='grc' dir='ltr'><strong>τῶν</strong></span> <span class='ocrx_word' id='word_1_269' title='bbox 2537 2445 2855 2504; x_wconf 76' lang='grc' dir='ltr'><strong><em>ἀποστόλων</em></strong></span> <span class='ocrx_word' id='word_1_270' title='bbox 2891 2447 2993 2504; x_wconf 80' lang='grc' dir='ltr'><strong><em>τοῦ</em></strong></span> 
     </span>
     <span class='ocr_line' id='line_1_25' title="bbox 380 2531 2997 2609; baseline 0 -21"><span class='ocrx_word' id='word_1_271' title='bbox 380 2532 635 2609; x_wconf 79' lang='grc' dir='ltr'><strong><em>Χριστοῦ</em></strong></span> <span class='ocrx_word' id='word_1_272' title='bbox 668 2554 772 2589; x_wconf 86' lang='grc' dir='ltr'><strong>σου</strong></span> <span class='ocrx_word' id='word_1_273' title='bbox 810 2532 924 2600; x_wconf 76' lang='grc' dir='ltr'><strong>δὸς,</strong></span> <span class='ocrx_word' id='word_1_274' title='bbox 963 2536 1049 2589; x_wconf 74' lang='grc' dir='ltr'><strong>ἵνα</strong></span> <span class='ocrx_word' id='word_1_275' title='bbox 1091 2533 1413 2609; x_wconf 79' lang='grc' dir='ltr'><strong><em>εὖρεθῶμεν</em></strong></span> <span class='ocrx_word' id='word_1_276' title='bbox 1439 2538 1531 2588; x_wconf 83' lang='grc' dir='ltr'><strong>καὶ</strong></span> <span class='ocrx_word' id='word_1_277' title='bbox 1563 2535 1678 2606; x_wconf 78' lang='grc' dir='ltr'><strong><em>μετ’</em></strong></span> <span class='ocrx_word' id='word_1_278' title='bbox 1716 2531 1886 2589; x_wconf 79' lang='grc' dir='ltr'><strong><em>αὐτοῦ</em></strong></span> <span class='ocrx_word' id='word_1_279' title='bbox 1920 2531 2019 2590; x_wconf 82' lang='grc' dir='ltr'><strong><em>τοῦ</em></strong></span> <span class='ocrx_word' id='word_1_280' title='bbox 2046 2532 2312 2609; x_wconf 75' lang='grc' dir='ltr'><strong><em>Χριστοῦ.</em></strong></span> <span class='ocrx_word' id='word_1_281' title='bbox 2383 2535 2583 2592; x_wconf 84' lang='lat' dir='ltr'><strong>Sermo</strong></span> <span class='ocrx_word' id='word_1_282' title='bbox 2618 2535 2713 2588; x_wconf 78' lang='lat' dir='ltr'><strong>vel</strong></span> <span class='ocrx_word' id='word_1_283' title='bbox 2748 2536 2997 2605; x_wconf 83' lang='lat' dir='ltr'><strong>prophe·</strong></span> 
     </span>
     <span class='ocr_line' id='line_1_26' title="bbox 380 2619 2994 2693; baseline 0.001 -18"><span class='ocrx_word' id='word_1_284' title='bbox 380 2627 566 2676; x_wconf 84' lang='lat' dir='ltr'><strong>tarum</strong></span> <span class='ocrx_word' id='word_1_285' title='bbox 599 2619 696 2673; x_wconf 84' lang='lat' dir='ltr'><strong>vel</strong></span> <span class='ocrx_word' id='word_1_286' title='bbox 730 2620 1137 2689; x_wconf 85' lang='lat' dir='ltr'><strong>apostolorum,</strong></span> <span class='ocrx_word' id='word_1_287' title='bbox 1176 2637 1412 2691; x_wconf 86' lang='lat' dir='ltr'><strong>quorum</strong></span> <span class='ocrx_word' id='word_1_288' title='bbox 1448 2621 1547 2675; x_wconf 86' lang='lat' dir='ltr'><strong>alii</strong></span> <span class='ocrx_word' id='word_1_289' title='bbox 1584 2626 1877 2676; x_wconf 85' lang='lat' dir='ltr'><strong>venturum</strong></span> <span class='ocrx_word' id='word_1_290' title='bbox 1912 2623 1971 2676; x_wconf 87' lang='lat' dir='ltr'><strong>in</strong></span> <span class='ocrx_word' id='word_1_291' title='bbox 2007 2637 2258 2692; x_wconf 87' lang='lat' dir='ltr'><strong>corpore</strong></span> <span class='ocrx_word' id='word_1_292' title='bbox 2297 2622 2642 2693; x_wconf 83' lang='lat' dir='ltr'><strong>unigenitum</strong></span> <span class='ocrx_word' id='word_1_293' title='bbox 2678 2621 2854 2691; x_wconf 88' lang='lat' dir='ltr'><strong>deum,</strong></span> <span class='ocrx_word' id='word_1_294' title='bbox 2893 2622 2994 2678; x_wconf 80' lang='lat' dir='ltr'><strong>alii</strong></span> 
     </span>
     <span class='ocr_line' id='line_1_27' title="bbox 382 2706 1739 2779; baseline -0.002 -16"><span class='ocrx_word' id='word_1_295' title='bbox 382 2709 609 2763; x_wconf 81' lang='lat' dir='ltr'><strong>venisse</strong></span> <span class='ocrx_word' id='word_1_296' title='bbox 646 2707 965 2761; x_wconf 86' lang='lat' dir='ltr'><strong>docuerunt.</strong></span> <span class='ocrx_word' id='word_1_297' title='bbox 1035 2706 1200 2762; x_wconf 79' lang='lat' dir='ltr'><strong>Hilar.</strong></span> <span class='ocrx_word' id='word_1_298' title='bbox 1235 2707 1295 2761; x_wconf 89' lang='lat' dir='ltr'><strong>in</strong></span> <span class='ocrx_word' id='word_1_299' title='bbox 1331 2707 1524 2779; x_wconf 83' lang='lat' dir='ltr'><strong>psalm.</strong></span> <span class='ocrx_word' id='word_1_300' title='bbox 1561 2709 1649 2776; x_wconf 89' lang='grc'><strong>66,</strong></span> <span class='ocrx_word' id='word_1_301' title='bbox 1692 2710 1739 2761; x_wconf 92' lang='grc'><strong>1.</strong></span> 
     </span>
    </p>
   </div>
   <div class='ocr_carea' id='block_1_5' title="bbox 382 2813 2997 3148">
    <p class='ocr_par' dir='ltr' id='par_1_5' title="bbox 382 2813 2997 3148">
     <span class='ocr_line' id='line_1_28' title="bbox 560 2813 2997 2890; baseline 0.003 -24"><span class='ocrx_word' id='word_1_302' title='bbox 560 2813 626 2866; x_wconf 89' lang='lat' dir='ltr'><strong>V.</strong></span> <span class='ocrx_word' id='word_1_303' title='bbox 661 2816 910 2869; x_wconf 74' lang='lat'><strong>35—37.</strong></span> <span class='ocrx_word' id='word_1_304' title='bbox 956 2815 1098 2871; x_wconf 88' lang='lat' dir='ltr'><strong>Geht</strong></span> <span class='ocrx_word' id='word_1_305' title='bbox 1132 2814 1240 2871; x_wconf 87' lang='lat' dir='ltr'><strong>auf</strong></span> <span class='ocrx_word' id='word_1_306' title='bbox 1264 2817 1354 2870; x_wconf 91' lang='lat' dir='ltr'><strong>die</strong></span> <span class='ocrx_word' id='word_1_307' title='bbox 1390 2816 1599 2885; x_wconf 85' lang='lat' dir='ltr'><strong>Taufe,</strong></span> <span class='ocrx_word' id='word_1_308' title='bbox 1638 2833 1728 2871; x_wconf 88' lang='lat' dir='ltr'><strong>um</strong></span> <span class='ocrx_word' id='word_1_309' title='bbox 1765 2819 1848 2872; x_wconf 82' lang='lat' dir='ltr'><strong>sie</strong></span> <span class='ocrx_word' id='word_1_310' title='bbox 1885 2834 1999 2873; x_wconf 81' lang='lat' dir='ltr'><strong>von</strong></span> <span class='ocrx_word' id='word_1_311' title='bbox 2026 2819 2199 2890; x_wconf 82' lang='lat' dir='ltr'><strong>jener</strong></span> <span class='ocrx_word' id='word_1_312' title='bbox 2237 2818 2336 2873; x_wconf 81' lang='lat' dir='ltr'><strong>dee</strong></span> <span class='ocrx_word' id='word_1_313' title='bbox 2372 2817 2663 2874; x_wconf 78' lang='lat' dir='ltr'><strong>Johannes</strong></span> <span class='ocrx_word' id='word_1_314' title='bbox 2698 2834 2767 2872; x_wconf 82' lang='lat' dir='ltr'><strong>zu</strong></span> <span class='ocrx_word' id='word_1_315' title='bbox 2804 2823 2997 2873; x_wconf 88' lang='lat' dir='ltr'><strong>unter-</strong></span> 
     </span>
     <span class='ocr_line' id='line_1_29' title="bbox 383 2901 2995 2975; baseline 0.002 -20"><span class='ocrx_word' id='word_1_316' title='bbox 383 2901 661 2961; x_wconf 78' lang='lat' dir='ltr'><strong>scheiden.</strong></span> <span class='ocrx_word' id='word_1_317' title='bbox 731 2902 1020 2957; x_wconf 80' lang='lat' dir='ltr'><strong>Johannes</strong></span> <span class='ocrx_word' id='word_1_318' title='bbox 1057 2919 1172 2957; x_wconf 88' lang='lat' dir='ltr'><strong>non</strong></span> <span class='ocrx_word' id='word_1_319' title='bbox 1207 2903 1439 2973; x_wconf 82' lang='lat' dir='ltr'><strong>spiritu,</strong></span> <span class='ocrx_word' id='word_1_320' title='bbox 1503 2904 1605 2957; x_wconf 83' lang='lat' dir='ltr'><strong>sed</strong></span> <span class='ocrx_word' id='word_1_321' title='bbox 1641 2920 1787 2973; x_wconf 85' lang='lat' dir='ltr'><strong>aqua</strong></span> <span class='ocrx_word' id='word_1_322' title='bbox 1822 2904 2103 2974; x_wconf 85' lang='lat' dir='ltr'><strong>baptizat,</strong></span> <span class='ocrx_word' id='word_1_323' title='bbox 2173 2905 2305 2974; x_wconf 85' lang='lat' dir='ltr'><strong>quia</strong></span> <span class='ocrx_word' id='word_1_324' title='bbox 2342 2911 2580 2975; x_wconf 83' lang='lat' dir='ltr'><strong>peccata</strong></span> <span class='ocrx_word' id='word_1_325' title='bbox 2616 2906 2841 2959; x_wconf 82' lang='lat' dir='ltr'><strong>solvere</strong></span> <span class='ocrx_word' id='word_1_326' title='bbox 2879 2920 2995 2959; x_wconf 89' lang='lat' dir='ltr'><strong>non</strong></span> 
     </span>
     <span class='ocr_line' id='line_1_30' title="bbox 383 2989 2996 3063; baseline 0.002 -20"><span class='ocrx_word' id='word_1_327' title='bbox 383 2989 582 3044; x_wconf 79' lang='lat' dir='ltr'><strong>valens</strong></span> <span class='ocrx_word' id='word_1_328' title='bbox 617 2989 1029 3059; x_wconf 82' lang='lat' dir='ltr'><strong>baptizatorum</strong></span> <span class='ocrx_word' id='word_1_329' title='bbox 1077 3005 1324 3060; x_wconf 85' lang='lat' dir='ltr'><strong>corpora</strong></span> <span class='ocrx_word' id='word_1_330' title='bbox 1373 3006 1476 3061; x_wconf 87' lang='lat' dir='ltr'><strong>per</strong></span> <span class='ocrx_word' id='word_1_331' title='bbox 1511 3006 1713 3060; x_wconf 85' lang='lat' dir='ltr'><strong>aquam</strong></span> <span class='ocrx_word' id='word_1_332' title='bbox 1749 2991 1936 3060; x_wconf 82' lang='lat' dir='ltr'><strong>lavat,</strong></span> <span class='ocrx_word' id='word_1_333' title='bbox 1999 2990 2101 3045; x_wconf 81' lang='lat' dir='ltr'><strong>sed</strong></span> <span class='ocrx_word' id='word_1_334' title='bbox 2134 2995 2320 3048; x_wconf 85' lang='lat' dir='ltr'><strong>tamen</strong></span> <span class='ocrx_word' id='word_1_335' title='bbox 2357 2998 2596 3048; x_wconf 87' lang='lat' dir='ltr'><strong>mentem</strong></span> <span class='ocrx_word' id='word_1_336' title='bbox 2635 3009 2738 3063; x_wconf 86' lang='lat' dir='ltr'><strong>per</strong></span> <span class='ocrx_word' id='word_1_337' title='bbox 2770 2992 2996 3047; x_wconf 83' lang='lat' dir='ltr'><strong>veniam</strong></span> 
     </span>
     <span class='ocr_line' id='line_1_31' title="bbox 382 3075 1887 3148; baseline 0 -16"><span class='ocrx_word' id='word_1_338' title='bbox 382 3092 496 3133; x_wconf 85' lang='lat' dir='ltr'><strong>uon</strong></span> <span class='ocrx_word' id='word_1_339' title='bbox 533 3075 706 3131; x_wconf 77' lang='lat' dir='ltr'><strong>lavat.</strong></span> <span class='ocrx_word' id='word_1_340' title='bbox 776 3077 995 3147; x_wconf 75' lang='lat' dir='ltr'><strong>Greqor.</strong></span> <span class='ocrx_word' id='word_1_341' title='bbox 1030 3077 1098 3130; x_wconf 79' lang='lat' dir='ltr'><strong>M.</strong></span> <span class='ocrx_word' id='word_1_342' title='bbox 1147 3077 1292 3131; x_wconf 83' lang='lat' dir='ltr'><strong>hom.</strong></span> <span class='ocrx_word' id='word_1_343' title='bbox 1327 3077 1385 3130; x_wconf 88' lang='lat' dir='ltr'><strong>in</strong></span> <span class='ocrx_word' id='word_1_344' title='bbox 1422 3093 1624 3148; x_wconf 83' lang='lat' dir='ltr'><strong>evang.</strong></span> <span class='ocrx_word' id='word_1_345' title='bbox 1665 3080 1713 3147; x_wconf 88' lang='lat'><strong>1,</strong></span> <span class='ocrx_word' id='word_1_346' title='bbox 1749 3081 1801 3147; x_wconf 77' lang='grc'><strong>7,</strong></span> <span class='ocrx_word' id='word_1_347' title='bbox 1837 3080 1887 3132; x_wconf 83' lang='grc'><strong>3.</strong></span> 
     </span>
    </p>
   </div>
   <div class='ocr_carea' id='block_1_6' title="bbox 382 3178 3001 3691">
    <p class='ocr_par' dir='ltr' id='par_1_6' title="bbox 382 3178 3001 3691">
     <span class='ocr_line' id='line_1_32' title="bbox 561 3178 2997 3258; baseline 0.001 -24"><span class='ocrx_word' id='word_1_348' title='bbox 561 3179 625 3235; x_wconf 88' lang='lat' dir='ltr'><strong>V.</strong></span> <span class='ocrx_word' id='word_1_349' title='bbox 663 3181 910 3235; x_wconf 79' lang='lat'><strong>58—62.</strong></span> <span class='ocrx_word' id='word_1_350' title='bbox 959 3182 1202 3236; x_wconf 70' lang='lat' dir='ltr'><strong>Athana-5.</strong></span> <span class='ocrx_word' id='word_1_351' title='bbox 1238 3181 1295 3234; x_wconf 87' lang='lat' dir='ltr'><strong>in</strong></span> <span class='ocrx_word' id='word_1_352' title='bbox 1331 3198 1414 3251; x_wconf 81' lang='lat' dir='ltr'><strong>ps,</strong></span> <span class='ocrx_word' id='word_1_353' title='bbox 1453 3183 1588 3251; x_wconf 85' lang='grc'><strong>148,</strong></span> <span class='ocrx_word' id='word_1_354' title='bbox 1629 3186 1710 3237; x_wconf 77' lang='lat'><strong>17.</strong></span> <span class='ocrx_word' id='word_1_355' title='bbox 1783 3181 1870 3253; x_wconf 68' lang='grc' dir='ltr'><strong><em>τῷ</em></strong></span> <span class='ocrx_word' id='word_1_356' title='bbox 1914 3185 2049 3258; x_wconf 78' lang='grc' dir='ltr'><strong><em>πυρὶ</em></strong></span> <span class='ocrx_word' id='word_1_357' title='bbox 2103 3182 2343 3238; x_wconf 77' lang='grc' dir='ltr'><strong><em>ἐοίκασιν</em></strong></span> <span class='ocrx_word' id='word_1_358' title='bbox 2391 3184 2445 3239; x_wconf 82' lang='grc' dir='ltr'><strong>οἱ</strong></span> <span class='ocrx_word' id='word_1_359' title='bbox 2493 3181 2641 3258; x_wconf 70' lang='grc' dir='ltr'><strong><em>ἅγιοι</em></strong></span> <span class='ocrx_word' id='word_1_360' title='bbox 2678 3178 2997 3248; x_wconf 78' lang='grc' dir='ltr'><strong><em>ἀπόστολοι,</em></strong></span> 
     </span>
     <span class='ocr_line' id='line_1_33' title="bbox 382 3265 2991 3344; baseline 0.002 -23"><span class='ocrx_word' id='word_1_361' title='bbox 382 3266 485 3329; x_wconf 79' lang='grc' dir='ltr'><strong><em>τὰς</em></strong></span> <span class='ocrx_word' id='word_1_362' title='bbox 521 3267 763 3329; x_wconf 73' lang='grc' dir='ltr'><strong><em>ἐναντίας</em></strong></span> <span class='ocrx_word' id='word_1_363' title='bbox 800 3265 1057 3340; x_wconf 78' lang='grc' dir='ltr'><strong><em>δυνάμεις</em></strong></span> <span class='ocrx_word' id='word_1_364' title='bbox 1094 3268 1535 3341; x_wconf 70' lang='grc' dir='ltr'><strong><em>καταφλέγοντες.</em></strong></span> <span class='ocrx_word' id='word_1_365' title='bbox 1599 3268 1786 3339; x_wconf 74' lang='grc' dir='ltr'><strong><em>ἐπειδὴ</em></strong></span> <span class='ocrx_word' id='word_1_366' title='bbox 1822 3273 1912 3324; x_wconf 78' lang='grc' dir='ltr'><strong>καὶ</strong></span> <span class='ocrx_word' id='word_1_367' title='bbox 1948 3268 2007 3324; x_wconf 81' lang='grc' dir='ltr'><strong>ἐκ</strong></span> <span class='ocrx_word' id='word_1_368' title='bbox 2042 3268 2142 3324; x_wconf 79' lang='grc' dir='ltr'><strong><em>τοῦ</em></strong></span> <span class='ocrx_word' id='word_1_369' title='bbox 2170 3268 2348 3344; x_wconf 80' lang='grc' dir='ltr'><strong><em>πυρὸς</em></strong></span> <span class='ocrx_word' id='word_1_370' title='bbox 2384 3268 2705 3339; x_wconf 72' lang='grc' dir='ltr'><strong><em>ἐτάχθησαν</em></strong></span> <span class='ocrx_word' id='word_1_371' title='bbox 2752 3272 2843 3323; x_wconf 80' lang='grc' dir='ltr'><strong>καὶ</strong></span> <span class='ocrx_word' id='word_1_372' title='bbox 2880 3268 2991 3325; x_wconf 73' lang='grc' dir='ltr'><strong><em>ἐνε-</em></strong></span> 
     </span>
     <span class='ocr_line' id='line_1_34' title="bbox 383 3352 2995 3431; baseline 0.001 -23"><span class='ocrx_word' id='word_1_373' title='bbox 383 3352 775 3428; x_wconf 70' lang='grc' dir='ltr'><strong><em>πληρώθησαν,</em></strong></span> <span class='ocrx_word' id='word_1_374' title='bbox 810 3360 1056 3410; x_wconf 81' lang='grc' dir='ltr'><strong><em>τουτέστι</em></strong></span> <span class='ocrx_word' id='word_1_375' title='bbox 1092 3352 1398 3424; x_wconf 78' lang='grc' dir='ltr'><strong><em>πνεύματος</em></strong></span> <span class='ocrx_word' id='word_1_376' title='bbox 1433 3352 1612 3430; x_wconf 73' lang='grc' dir='ltr'><strong>ἁγίου.</strong></span> <span class='ocrx_word' id='word_1_377' title='bbox 1687 3357 1939 3427; x_wconf 70' lang='lat' dir='ltr'><strong>Chryso-31.</strong></span> <span class='ocrx_word' id='word_1_378' title='bbox 1975 3356 2043 3410; x_wconf 79' lang='lat' dir='ltr'><strong>de</strong></span> <span class='ocrx_word' id='word_1_379' title='bbox 2080 3373 2124 3410; x_wconf 76' lang='lat' dir='ltr'><strong>S.</strong></span> <span class='ocrx_word' id='word_1_380' title='bbox 2161 3357 2341 3428; x_wconf 81' lang='lat' dir='ltr'><strong>lgnat.</strong></span> <span class='ocrx_word' id='word_1_381' title='bbox 2374 3360 2423 3410; x_wconf 82' lang='lat'><strong>2.</strong></span> <span class='ocrx_word' id='word_1_382' title='bbox 2460 3355 2722 3431; x_wconf 78' lang='grc' dir='ltr'><strong><em>καθάπερ</em></strong></span> <span class='ocrx_word' id='word_1_383' title='bbox 2761 3356 2818 3411; x_wconf 75' lang='grc' dir='ltr'><strong>ἐν</strong></span> <span class='ocrx_word' id='word_1_384' title='bbox 2848 3355 2995 3431; x_wconf 78' lang='grc' dir='ltr'><strong><em>λύρᾳ</em></strong></span> 
     </span>
     <span class='ocr_line' id='line_1_35' title="bbox 385 3439 3001 3518; baseline 0.001 -23"><span class='ocrx_word' id='word_1_385' title='bbox 385 3439 492 3513; x_wconf 77' lang='grc' dir='ltr'><strong>μιᾷ</strong></span> <span class='ocrx_word' id='word_1_386' title='bbox 528 3439 788 3517; x_wconf 80' lang='grc' dir='ltr'><strong><em>διάφοροι</em></strong></span> <span class='ocrx_word' id='word_1_387' title='bbox 823 3444 921 3514; x_wconf 78' lang='grc' dir='ltr'><strong>μὲν</strong></span> <span class='ocrx_word' id='word_1_388' title='bbox 957 3445 1015 3497; x_wconf 88' lang='grc' dir='ltr'><strong>αἱ</strong></span> <span class='ocrx_word' id='word_1_389' title='bbox 1049 3445 1260 3518; x_wconf 79' lang='grc' dir='ltr'><strong><em>νευραὶ,</em></strong></span> <span class='ocrx_word' id='word_1_390' title='bbox 1298 3448 1400 3513; x_wconf 79' lang='grc' dir='ltr'><strong>μία</strong></span> <span class='ocrx_word' id='word_1_391' title='bbox 1438 3444 1498 3497; x_wconf 79' lang='grc' dir='ltr'><strong>δὲ</strong></span> <span class='ocrx_word' id='word_1_392' title='bbox 1535 3443 1568 3513; x_wconf 80' lang='grc' dir='ltr'><em>ἡ</em></span> <span class='ocrx_word' id='word_1_393' title='bbox 1608 3448 1930 3514; x_wconf 81' lang='grc' dir='ltr'><strong><em>συμφωνία·</em></strong></span> <span class='ocrx_word' id='word_1_394' title='bbox 1990 3442 2133 3499; x_wconf 79' lang='grc' dir='ltr'><strong><em>οὕτω</em></strong></span> <span class='ocrx_word' id='word_1_395' title='bbox 2172 3446 2264 3498; x_wconf 77' lang='grc' dir='ltr'><strong>καὶ</strong></span> <span class='ocrx_word' id='word_1_396' title='bbox 2300 3443 2356 3498; x_wconf 80' lang='grc' dir='ltr'><strong>ἐν</strong></span> <span class='ocrx_word' id='word_1_397' title='bbox 2394 3441 2472 3514; x_wconf 74' lang='grc' dir='ltr'><strong><em>τῷ</em></strong></span> <span class='ocrx_word' id='word_1_398' title='bbox 2508 3441 2665 3515; x_wconf 75' lang='grc' dir='ltr'><strong><em>χορῷ</em></strong></span> <span class='ocrx_word' id='word_1_399' title='bbox 2707 3442 2833 3498; x_wconf 64' lang='grc' dir='ltr'><strong><em>τῶν</em></strong></span> <span class='ocrx_word' id='word_1_400' title='bbox 2851 3440 3001 3498; x_wconf 76' lang='grc' dir='ltr'><strong><em>ἀπο-</em></strong></span> 
     </span>
     <span class='ocr_line' id='line_1_36' title="bbox 388 3526 2998 3605; baseline 0 -22"><span class='ocrx_word' id='word_1_401' title='bbox 388 3526 596 3584; x_wconf 78' lang='grc' dir='ltr'><strong><em>στόλων</em></strong></span> <span class='ocrx_word' id='word_1_402' title='bbox 632 3527 876 3604; x_wconf 80' lang='grc' dir='ltr'><strong><em>διάφορα</em></strong></span> <span class='ocrx_word' id='word_1_403' title='bbox 912 3531 1010 3601; x_wconf 78' lang='grc' dir='ltr'><strong>μὲν</strong></span> <span class='ocrx_word' id='word_1_404' title='bbox 1047 3529 1114 3585; x_wconf 81' lang='grc' dir='ltr'><strong><em>τὰ</em></strong></span> <span class='ocrx_word' id='word_1_405' title='bbox 1150 3528 1455 3605; x_wconf 84' lang='grc' dir='ltr'><strong><em>πρόσωπα,</em></strong></span> <span class='ocrx_word' id='word_1_406' title='bbox 1494 3535 1598 3602; x_wconf 79' lang='grc' dir='ltr'><strong>μία</strong></span> <span class='ocrx_word' id='word_1_407' title='bbox 1634 3532 1695 3585; x_wconf 79' lang='grc' dir='ltr'><strong>δὲ</strong></span> <span class='ocrx_word' id='word_1_408' title='bbox 1730 3531 1764 3601; x_wconf 80' lang='grc' dir='ltr'><em>ἡ</em></span> <span class='ocrx_word' id='word_1_409' title='bbox 1802 3531 2161 3598; x_wconf 81' lang='grc' dir='ltr'><strong><em>διδασκαλία,</em></strong></span> <span class='ocrx_word' id='word_1_410' title='bbox 2221 3530 2407 3602; x_wconf 70' lang='grc' dir='ltr'><strong><em>ἐπειδὴ</em></strong></span> <span class='ocrx_word' id='word_1_411' title='bbox 2444 3533 2535 3587; x_wconf 80' lang='grc' dir='ltr'><strong>καὶ</strong></span> <span class='ocrx_word' id='word_1_412' title='bbox 2571 3529 2648 3593; x_wconf 74' lang='grc' dir='ltr'><strong>εἷς</strong></span> <span class='ocrx_word' id='word_1_413' title='bbox 2686 3529 2717 3585; x_wconf 83' lang='grc' dir='ltr'>ὁ</span> <span class='ocrx_word' id='word_1_414' title='bbox 2754 3535 2998 3601; x_wconf 78' lang='grc' dir='ltr'><strong><em>τεχνίτης</em></strong></span> 
     </span>
     <span class='ocr_line' id='line_1_37' title="bbox 385 3608 2038 3691; baseline 0.001 -22"><span class='ocrx_word' id='word_1_415' title='bbox 385 3608 452 3686; x_wconf 73' lang='grc' dir='ltr'><strong>ἦν</strong></span> <span class='ocrx_word' id='word_1_416' title='bbox 488 3614 548 3670; x_wconf 84' lang='grc' dir='ltr'><strong><em>τὸ</em></strong></span> <span class='ocrx_word' id='word_1_417' title='bbox 585 3613 799 3687; x_wconf 79' lang='grc' dir='ltr'><strong><em>πνεῦμα</em></strong></span> <span class='ocrx_word' id='word_1_418' title='bbox 835 3614 895 3670; x_wconf 84' lang='grc' dir='ltr'><strong><em>τὸ</em></strong></span> <span class='ocrx_word' id='word_1_419' title='bbox 934 3614 1091 3691; x_wconf 64' lang='grc' dir='ltr'><strong><em>ἅγιον</em></strong></span> <span class='ocrx_word' id='word_1_420' title='bbox 1122 3615 1183 3671; x_wconf 84' lang='grc' dir='ltr'><strong><em>τὸ</em></strong></span> <span class='ocrx_word' id='word_1_421' title='bbox 1221 3616 1402 3674; x_wconf 77' lang='grc' dir='ltr'><strong><em>κινοῦν</em></strong></span> <span class='ocrx_word' id='word_1_422' title='bbox 1438 3615 1538 3680; x_wconf 82' lang='grc' dir='ltr'><strong><em>τὰς</em></strong></span> <span class='ocrx_word' id='word_1_423' title='bbox 1581 3618 1792 3673; x_wconf 75' lang='grc' dir='ltr'><strong><em>ἐκείνων</em></strong></span> <span class='ocrx_word' id='word_1_424' title='bbox 1828 3618 2038 3688; x_wconf 78' lang='grc' dir='ltr'><strong>ψυχάς.</strong></span> 
     </span>
    </p>
   </div>
   <div class='ocr_carea' id='block_1_7' title="bbox 825 3962 2563 4069">
    <p class='ocr_par' dir='ltr' id='par_1_7' title="bbox 825 3962 2563 4069">
     <span class='ocr_line' id='line_1_38' title="bbox 825 3962 2563 4069; baseline 0.001 -28"><span class='ocrx_word' id='word_1_425' title='bbox 825 3968 992 4043; x_wconf 83' lang='grc'><strong>198.</strong></span> <span class='ocrx_word' id='word_1_426' title='bbox 1061 3969 1148 4040; x_wconf 88' lang='lat' dir='ltr'><strong>In</strong></span> <span class='ocrx_word' id='word_1_427' title='bbox 1206 3980 1523 4041; x_wconf 79' lang='lat' dir='ltr'><strong>octavam</strong></span> <span class='ocrx_word' id='word_1_428' title='bbox 1575 3962 2043 4069; x_wconf 78' lang='lat' dir='ltr'><strong>pentecostes·</strong></span> <span class='ocrx_word' id='word_1_429' title='bbox 2070 3973 2563 4069; x_wconf 77' lang='lat' dir='ltr'><strong>(troparium).</strong></span> 
     </span>
    </p>
   </div>
   <div class='ocr_carea' id='block_1_8' title="bbox 387 4189 2441 4477">
    <p class='ocr_par' dir='ltr' id='par_1_8' title="bbox 387 4189 2441 4477">
     <span class='ocr_line' id='line_1_39' title="bbox 387 4189 2350 4274; baseline 0 -18"><span class='ocrx_word' id='word_1_430' title='bbox 387 4194 447 4256; x_wconf 87' lang='lat'><strong>1.</strong></span> <span class='ocrx_word' id='word_1_431' title='bbox 491 4189 846 4253; x_wconf 84' lang='lat' dir='ltr'><strong>Benedicto</strong></span> <span class='ocrx_word' id='word_1_432' title='bbox 1844 4189 2067 4274; x_wconf 87' lang='lat' dir='ltr'><strong>Atque</strong></span> <span class='ocrx_word' id='word_1_433' title='bbox 2111 4192 2350 4274; x_wconf 80' lang='lat' dir='ltr'><strong>signati</strong></span> 
     </span>
     <span class='ocr_line' id='line_1_40' title="bbox 489 4290 2441 4376; baseline 0 -21"><span class='ocrx_word' id='word_1_434' title='bbox 489 4293 736 4374; x_wconf 82' lang='lat' dir='ltr'><strong>gratias</strong></span> <span class='ocrx_word' id='word_1_435' title='bbox 782 4290 906 4354; x_wconf 88' lang='lat' dir='ltr'><strong>deo</strong></span> <span class='ocrx_word' id='word_1_436' title='bbox 1847 4294 2194 4375; x_wconf 84' lang='lat' dir='ltr'><strong>digitorum</strong></span> <span class='ocrx_word' id='word_1_437' title='bbox 2237 4293 2441 4376; x_wconf 84' lang='lat' dir='ltr'><strong>ipsius</strong></span> 
     </span>
     <span class='ocr_line' id='line_1_41' title="bbox 1850 4396 2257 4477; baseline -0.002 -16"><span class='ocrx_word' id='word_1_438' title='bbox 1850 4396 2257 4477; x_wconf 71' lang='lat' dir='ltr'><strong>charismate.</strong></span> 
     </span>
    </p>
   </div>
   <div class='ocr_carea' id='block_1_9' title="bbox 387 4450 3001 4729">
    <p class='ocr_par' dir='ltr' id='par_1_9' title="bbox 387 4450 3001 4729">
     <span class='ocr_line' id='line_1_42' title="bbox 387 4450 1063 4537; baseline 0.003 -21"><span class='ocrx_word' id='word_1_439' title='bbox 387 4454 447 4516; x_wconf 84' lang='lat'><strong>2.</strong></span> <span class='ocrx_word' id='word_1_440' title='bbox 493 4450 630 4515; x_wconf 85' lang='lat' dir='ltr'><strong>Nos</strong></span> <span class='ocrx_word' id='word_1_441' title='bbox 673 4454 1063 4537; x_wconf 71' lang='lat' dir='ltr'><strong>referamne,</strong></span> 
     </span>
     <span class='ocr_line' id='line_1_43' title="bbox 491 4554 2715 4643; baseline 0.002 -23"><span class='ocrx_word' id='word_1_442' title='bbox 491 4554 816 4620; x_wconf 81' lang='lat' dir='ltr'><strong>benedicti</strong></span> <span class='ocrx_word' id='word_1_443' title='bbox 859 4557 1029 4623; x_wconf 79' lang='lat' dir='ltr'><strong>illius</strong></span> <span class='ocrx_word' id='word_1_444' title='bbox 1848 4556 1972 4636; x_wconf 81' lang='lat' dir='ltr'><strong>Qui</strong></span> <span class='ocrx_word' id='word_1_445' title='bbox 2012 4559 2304 4643; x_wconf 83' lang='lat' dir='ltr'><strong>perditos</strong></span> <span class='ocrx_word' id='word_1_446' title='bbox 2349 4559 2715 4643; x_wconf 79' lang='lat' dir='ltr'><strong>terrigenas</strong></span> 
     </span>
     <span class='ocr_line' id='line_1_44' title="bbox 489 4663 3001 4729; baseline 0.003 -9"><span class='ocrx_word' id='word_1_447' title='bbox 489 4664 718 4722; x_wconf 83' lang='lat' dir='ltr'><strong>sancta</strong></span> <span class='ocrx_word' id='word_1_448' title='bbox 761 4678 954 4724; x_wconf 85' lang='lat' dir='ltr'><strong>manu</strong></span> <span class='ocrx_word' id='word_1_449' title='bbox 1594 4663 1633 4722; x_wconf 89' lang='lat'>5</span> <span class='ocrx_word' id='word_1_450' title='bbox 1843 4664 2157 4729; x_wconf 84' lang='lat' dir='ltr'><strong>recreasti</strong></span> <span class='ocrx_word' id='word_1_451' title='bbox 2915 4664 3001 4728; x_wconf 82' lang='lat'><strong>10</strong></span> 
     </span>
    </p>
   </div>
  </div>
 </body>
</html>
