3159 5259
129 479 472 545 Conserva
513 499 653 561 me,
695 478 860 545 Jesu
902 483 1102 565 bone,

127 585 196 647 in
246 583 374 647 hac
417 583 643 646 mortis
686 581 990 665 regione,

213 688 282 751 in
329 687 457 750 hoc
500 685 715 750 carnis
762 702 991 750 onere:

126 789 333 854 redde
372 790 501 855 luci
536 791 962 868 tenebratum,

126 894 239 976 qui
281 892 607 957 Lazarum
653 898 852 955 terrae
899 889 1118 955 datum

207 996 462 1079 jussisti
506 994 825 1059 revivere.

125 1209 320 1287 Jesu,
367 1208 677 1271 miserere
724 1206 887 1287 mei,

126 1311 387 1393 suscipe
431 1328 535 1373 me
581 1309 676 1373 fili
721 1308 826 1372 dei

214 1430 361 1475 cum
406 1410 532 1473 tuis
578 1408 911 1487 fidelibuS,

131 1514 242 1595 qui
282 1513 558 1579 Mariam
597 1509 1080 1592 Magdalenam,

130 1614 429 1679 vitiorum
476 1612 673 1678 sorde
718 1613 979 1696 plenam

218 1718 473 1783 solvisti
518 1737 558 1782 a
604 1716 1018 1781 daemonibus.

133 1931 233 1998 Tu
277 1932 385 2014 qui
428 1931 699 1995 Paulum
747 1928 1125 1994 convertisti

133 2043 327 2118 atque
373 2034 635 2098 Petrum
681 2033 1030 2116 suscepisti

218 2140 689 2222 lacrimantem,
737 2138 1023 2220 domine,

133 2247 389 2328 suscipe
434 2264 537 2309 me
584 2244 975 2328 captivatum
989 2291 1009 2326 ,

130 2358 407 2433 protege
453 2368 553 2412 me
602 2347 991 2413 denudatum

215 2454 282 2517 in
329 2453 575 2517 alarum
622 2452 924 2535 tegmine.

128 2664 325 2745 Jesu,
370 2666 643 2727 verbum
686 2664 1118 2744 incarnatum,

130 2775 205 2833 ut
246 2767 567 2833 hominem
613 2765 939 2829 deviatum

220 2871 303 2933 ad
351 2871 523 2933 viam
567 2869 916 2933 reduceres
929 2916 947 2951 ,

134 2974 312 3037 solus
363 2974 675 3054 clemens,
724 2971 902 3036 solus
948 2969 1166 3051 fortis,

137 3077 221 3141 de
264 3076 551 3142 tenebris
597 3076 701 3139 die
748 3075 995 3155 mortiS,

224 3200 493 3267 precor,
539 3190 610 3247 ut
652 3200 755 3246 me
790 3179 1051 3244 liberes.

133 3395 329 3477 Jesu,
376 3393 595 3457 mundi
635 3398 1011 3475 reparator,

135 3498 428 3583 paradisi
472 3503 909 3578 restaurator,

223 3600 495 3682 angelus
543 3600 822 3681 consilii,

136 3705 195 3769 si
241 3706 373 3786 vis,
418 3710 609 3787 potes
653 3723 756 3767 me
793 3701 1053 3767 salvare

136 3817 203 3874 et
249 3810 331 3872 de
380 3809 588 3891 poenis
633 3808 911 3873 liberare

224 3911 450 3975 aeterni
495 3909 808 3992 supplicii.

137 4119 252 4188 Ad
297 4127 390 4201 te,
434 4120 627 4200 Jesu,
673 4119 834 4182 deus
879 4138 1089 4202 meus,

137 4222 480 4308 perveniat
526 4223 771 4287 clamor
813 4240 992 4286 meus

228 4335 295 4391 et
342 4326 555 4391 cordis
603 4326 938 4390 contritio:

138 4438 283 4495 esto
329 4429 438 4492 via
482 4428 771 4510 deviato,

140 4531 459 4597 medicina
503 4531 865 4614 vulnerato,

228 4633 408 4699 flenti
451 4633 828 4699 consolatio.

1256 889 1380 951 125

1260 1509 1384 1573 130

1257 2138 1381 2203 135

1254 2764 1379 2827 140

1262 3391 1384 3454 145

1252 3907 1385 3999 ,150

1488 479 1651 546 Esto
1697 482 1979 547 clemens
2025 485 2178 548 mihi
2222 487 2426 571 tristi,

1488 585 1600 666 qui
1639 586 1708 647 in
1752 585 1927 650 foeno
1964 585 2230 669 jacuisti

1573 703 1913 768 parvoque
1957 688 2317 771 praesepiO,

1485 797 1558 854 ut
1602 788 1879 854 afflictos
1925 790 2277 873 adjuvares

1486 899 1554 955 et
1599 892 1846 957 electos
1893 893 2209 958 liberares

1574 993 1658 1056 de
1701 994 1925 1057 mortis
1968 993 2285 1058 incendio.

2616 791 2741 857 160

1485 1205 1680 1291 Jesu,
1727 1227 1907 1271 verae
1951 1206 2262 1291 splendor
2304 1208 2499 1292 lucis,

1486 1310 1700 1375 libera
1741 1330 1842 1374 me
1894 1309 1976 1373 de
2021 1308 2288 1374 caducis

1575 1421 1643 1478 et
1688 1434 1728 1478 a
1770 1412 1957 1476 malis
2005 1414 2328 1494 omnihu8‚

1487 1516 1607 1579 sub
1654 1514 1900 1578 alarum
1945 1513 2311 1577 velamento

1485 1627 1765 1702 protege
1808 1638 1912 1681 me
1958 1637 1998 1682 a
2042 1625 2362 1682 tormento

1573 1727 1643 1783 et
1685 1719 2003 1802 gehennae
2039 1718 2314 1801 ignibus.

2614 1414 2738 1479 165

1487 1932 1681 2015 Jesu,
1728 1931 1837 2014 qni
1881 1948 2000 1995 nos
2048 1931 2334 1995 dilexisti

1486 2042 1554 2098 et
1597 2053 1718 2118 pro
1774 2035 1962 2099 nobis
2009 2034 2334 2118 pertulisti

1570 2137 1640 2201 in
1684 2155 1876 2202 cruce
1922 2137 2335 2220 supplicium,

1486 2240 1848 2304 desolatum
1892 2259 1995 2302 me
2040 2238 2339 2302 conforta

1486 2354 1555 2411 et
1602 2345 1687 2410 ad
1731 2363 2004 2428 gregem
2047 2363 2150 2406 me
2194 2349 2464 2424 reporta

1572 2466 2000 2532 supernorum
2047 2445 2297 2509 civium.

2616 2035 2743 2099 1⁷0

1487 2661 1683 2745 Jesu,
1727 2681 1888 2726 vera
1934 2658 2255 2724 medicina
2273 2705 2290 2736 ‚
2611 2658 2737 2722 175

1490 2773 1863 2829 conteratur
1906 2783 2027 2849 per
2074 2771 2139 2826 te
2188 2763 2378 2846 spina

1578 2883 1870 2930 meorum
1910 2866 2390 2949 peccaminum:

1490 2989 1594 3033 me
1641 2969 1726 3032 ad
1768 2976 2000 3032 metam
2047 2969 2173 3033 duc
2220 2973 2531 3029 aeternam

1491 3078 1559 3134 et
1601 3071 1668 3133 in
1712 3070 1920 3134 lucem
1965 3069 2447 3151 sempiternam,

1578 3174 1686 3255 qui
1733 3192 1805 3236 es
1853 3172 2027 3235 salus
2076 3169 2370 3233 omnium.
2611 3166 2738 3231 180

1491 3386 1655 3450 Jesu
1701 3383 1992 3461 Christe,
2044 3383 2150 3445 leo
2194 3379 2414 3462 form,

1491 3490 1603 3571 qui
1649 3487 1981 3553 destructa
2025 3487 2175 3566 lege
2220 3483 2444 3547 mortis

1577 3595 1778 3658 vitam
1822 3590 2042 3656 reddis
2086 3589 2365 3671 miseris,

1491 3699 1696 3763 redde
1743 3698 1894 3761 mihi
1942 3715 2122 3779 spem
2170 3694 2395 3758 salutis

1493 3811 1562 3867 et
1605 3802 1843 3865 delicta
1880 3799 2240 3883 juventutis

1579 3925 1745 3970 meae
1791 3923 1873 3968 ne
1917 3901 2298 3967 memineris.

2623 3799 2748 3864 185

1496 4120 1662 4187 Jesu
1706 4116 1994 4199 Christe,
2043 4121 2277 4199 potens
2324 4112 2548 4195 gigas,

1499 4225 1609 4307 qui
1653 4223 1978 4304 antiquum
2023 4220 2276 4284 hostem
2321 4217 2490 4297 ligas
2503 4262 2522 4297 ,

1587 4327 1840 4389 hostem
1885 4325 2118 4388 malum
2163 4320 2384 4400 inferi3

1499 4430 1693 4493 finem
1741 4432 1980 4493 bonum
2021 4426 2173 4490 mihi
2218 4423 2420 4505 dona,
2630 4430 2762 4496 190

1268 4536 1395 4598 155
1501 4553 1647 4599 cum
1694 4531 1941 4596 coelesti
1986 4549 2088 4594 me
2134 4546 2379 4595 corona

1589 4636 1823 4701 coelum
1865 4634 2020 4700 mihi
2062 4632 2262 4718 aperi.
