3159 5259
38 4491 63 4510 ⁴
158 4505 218 4556 ‘a
262 4487 589 4574 Symeone
634 4500 1030 4576 susceptum,

2660 323 2757 399 a&

319 520 383 575 V.
422 523 504 576 17.
556 520 873 592 Deswegen
921 520 1104 577 heisst
1154 517 1245 577 die
1296 519 1582 593 Seblange
1635 523 1775 578 oder
1828 520 1936 576 der·
1982 517 2185 577 Teufel
2237 519 2298 575 in
2349 519 2457 576 den
2506 507 2748 577 Menaeni

136 603 276 678 ὄφις
311 602 342 663 ὅ
377 604 750 682 παμπόνηρος.
804 608 968 664 Mart.
994 611 1075 665 19.
1110 608 1225 666 und
1249 605 1483 684 ὄργανον
1507 606 1607 678 τῆς
1633 612 1824 671 κακίας
1851 603 1882 664 ὁ
1909 603 2052 678 ὄφις.
2101 607 2259 678 Sept.
2293 607 2378 662 28.
2426 607 2756 681 gewonlieh

140 691 332 756 δόλιος
380 690 525 764 ὄφις.
580 693 699 750 Oct.
736 695 819 748 13.
889 695 1002 749 und
1046 694 1241 751 darmn
1287 695 1431 750 auch
1476 692 1839 771 πολύμορφος
1889 689 2032 765 ὄφις.
2085 695 2218 764 Apr.
2257 695 2339 749 10.
2408 695 2754 770 παλίμβολος

142 773 295 854 ὄφις.
351 781 507 837 Clem.
544 782 693 835 Alex.
727 780 871 852 paed.
905 781 957 849 3,
990 784 1042 837 2.

330 867 396 921 V.
429 869 518 922 25.
570 864 695 921 finis
732 866 926 922 saeculi
959 867 1140 923 heisst
1172 868 1274 923 der
1301 866 1535 923 Sohluss
1571 867 1673 923 des
1693 866 1859 922 'alten
1896 865 2276 937 Testaments3
2313 865 2479 923 dafi'ir
2512 870 2665 926 steht
2688 871 2754 927 ἰιι

142 953 258 1010 den
292 953 803 1010 ambrosianisehen
838 955 1091 1026 Hymnen
1127 959 1400 1027 vergente
1435 955 1624 1010 mundi
1657 970 1910 1026 vespere.
1962 954 2158 1010 Daniel
2193 956 2241 1022 1,
2277 955 2363 1009 74.
2399 955 2512 1010 und
2544 956 2603 1011 in
2627 958 2754 1014 >den

139 1042 385 1101 Menien
420 1037 615 1116 χρόνοι
651 1043 892 1111 ἔσχατοι.
944 1042 1080 1112 Apr.
1118 1042 1199 1096 12.
1263 1040 1392 1113 Vgl.
1428 1042 1518 1097 die
1553 1044 1709 1098 Amn-
1744 1059 1815 1097 zu
1846 1041 1950 1098 No.
1983 1043 2071 1110 25,
2109 1042 2158 1095 5.
2222 1041 2568 1112 Augustinus
2600 1041 2756 1100 fasne

144 1127 345 1184 diesen
385 1126 684 1185 Gedanken
736 1128 794 1182 in
842 1128 1213 1200 geistreicher
1246 1128 1449 1184 Weise
1494 1147 1563 1186 so
1611 1126 1736 1199 auf,
1798 1129 1930 1184 dass
1966 1128 2224 1186 Christus
2260 1128 2333 1184 im
2370 1129 2760 1188 Greisenalter

141 1215 249 1270 des
285 1214 651 1270 Judenthums
690 1217 1017 1271 erschienen
1051 1232 1185 1287 sey,
1247 1231 1339 1271 um
1374 1233 1437 1271 es
1472 1233 1541 1271 zu
1573 1217 1890 1290 verjfingen
1905 1256 1919 1284 ,
1981 1216 2094 1271 und
2141 1216 2274 1274 dass
2311 1216 2401 1272 die
2438 1217 2644 1273 Kirche
2679 1232 2762 1274 ιι

140 1300 467 1373 Augustius
504 1301 631 1357 Zeit
664 1302 723 1356 in
758 1301 1079 1360 demselben
1113 1300 1276 1356 Folle
1311 1313 1464 1370 war,
1525 1301 1629 1357 das
1665 1301 1933 1356 sinkende
1967 1302 2245 1357 romische
2278 1303 2649 1359 Heidenthum
2681 1320 2762 1362 n

143 1388 634 1444 verchristliohen.
705 1388 782 1445 Er
817 1395 949 1461 sagt
983 1387 1226 1445 nfimlioh
1259 1403 1447 1443 sermo
1483 1390 1570 1458 81,
1605 1392 1639 1442 7
1672 1385 1767 1460 fig.
1819 1388 1922 1443 Die
1956 1388 2167 1444 homini
2201 1389 2407 1445 dicenti
2440 1390 2571 1464 tibi:
2616 1406 2758 1452 οοοο

147 1475 500 1545 temporibus
537 1476 859 1532 christianis
895 1481 1070 1532 tantm
1105 1490 1387 1546 pressurae
1425 1480 1569 1546 sunt,
1606 1480 1864 1531 vastatur
1898 1474 2130 1531 mundus
2146 1514 2161 1545 ,
2226 1475 2378 1547 „hoe
2410 1477 2563 1548 mihi,
2597 1483 2764 1533 ante-

144 1577 319 1633 quam
352 1564 600 1633 veniret,
636 1562 901 1634 praedixit
934 1561 1238 1619 christus!
1309 1561 1536 1618 Miraris
1550 1602 1565 1632 ,
1619 1561 1752 1632 quia
1787 1558 1976 1617 deficit
2010 1562 2285 1618 mundus?
2336 1563 2568 1634 mirare,
2621 1564 2762 1635 quia

152 1649 345 1706 senuit
376 1652 625 1707 mundus.
697 1651 903 1706 Parum
946 1650 1054 1705 tibi
1099 1650 1366 1722 praestitit
1413 1651 1549 1705 deus
1568 1690 1584 1720 ,
1646 1650 1778 1720 quia
1822 1649 1880 1704 in
1914 1654 2201 1706 senectute
2246 1650 2435 1707 mundi
2466 1652 2571 1708 tibi
2603 1652 2762 1710 misit

151 1736 457 1806 Christum,
498 1743 560 1792 ut
592 1743 724 1792 tune
759 1743 816 1793 te
850 1732 1083 1808 reficiat,
1118 1738 1342 1808 quando
1379 1741 1584 1794 cuncta
1619 1732 1920 1793 deficiunt?
1954 1737 2138 1792 nescis
2173 1736 2284 1794 hoe
2315 1735 2668 1811 significasse
2693 1740 2760 1796 in

154 1824 369 1881 semine
404 1824 691 1879 Abrahae?
748 1825 879 1880 ideo
912 1826 1034 1880 seni
1064 1825 1310 1881 Abrahae
1347 1829 1511 1881 natus
1548 1829 1639 1879 est
1671 1820 1838 1893 filius,
1875 1824 2006 1895 quia
2039 1828 2165 1881 erat
2190 1824 2379 1895 utique
2406 1826 2660 1883 Christus
2694 1826 2762 1882 in

142 1911 338 1984 ,ipsius
384 1911 574 1967 mundi
618 1916 904 1968 senectute
938 1918 1218 1968 venturus.
1282 1912 1438 1967 venit
1456 1953 1471 1980 ,
1507 1927 1631 1966 oum
1666 1912 1852 1967 omnia
1884 1916 2333 1981 veterascerent,
2369 1917 2429 1969 et
2464 1929 2669 1969 novum
2695 1918 2762 1971 to

149 1996 303 2054 feeit.
375 1999 546 2068 Ecce,
583 1999 798 2068 dicunt,
845 1999 1163 2055 christianis
1200 1997 1542 2070 temporibus
1577 1999 1757 2055 Roma
1788 1998 1949 2071 perit.
2019 1999 2191 2054 Forte
2225 1999 2405 2056 Roma
2438 2015 2552 2055 non
2587 2001 2762 2072 perit,

150 2084 309 2142 forte
344 2083 639 2158 flagellata
674 2091 789 2155 est,
826 2103 936 2142 non
971 2086 1294 2157 interemta3
1348 2083 1500 2142 forte
1537 2086 1819 2159 castigata
1856 2091 1970 2156 est,
2008 2103 2121 2141 non
2158 2086 2359 2141 deleta.
2427 2086 2607 2144 Roma
2640 2103 2759 2144 non

150 2176 334 2245 perit,
371 2175 421 2228 si
457 2175 692 2230 Romani
728 2190 840 2231 non
875 2179 1136 2246 pereant;
1170 2190 1283 2231 non
1319 2175 1465 2230 enim
1499 2175 1788 2247 peribunt,
1824 2175 1874 2230 si
1909 2175 2071 2230 deum
2105 2175 2436 2246 laudabunt5
2469 2176 2766 2251 peribunt,

150 2262 207 2317 si
243 2261 646 2333 blasphemant.
2033 2287 2040 2292 ’

330 2351 397 2406 V.
433 2353 518 2406 29.
555 2353 638 2407 30.
691 2352 964 2408 Derselbe
1000 2352 1300 2409 Gedanken
1334 2352 1393 2407 in
1428 2353 1538 2408 den
1570 2353 1831 2411 Menaen-
1879 2351 2060 2409 σῶσαι
2097 2352 2207 2425 ἥκω
2245 2349 2423 2426 Ἀδὰμ
2469 2350 2562 2408 τὸν
2602 2355 2766 2429 πρώ-

146 2437 481 2496 τόπλαστον.
527 2439 754 2496 Januar.
793 2440 879 2494 Bl.
914 2441 998 2494 25.

327 2527 394 2581 V.
429 2528 513 2583 46.
565 2528 769 2583 mundi.
824 2525 1004 2583 Dafiir
1055 2527 1339 2583 brauehen
1390 2527 1481 2583 die
1519 2525 1794 2584 Grieehen
1847 2525 2158 2583 manchmal
2205 2526 2270 2583 τὸ
2321 2524 2461 2595 πᾶν,
2515 2525 2629 2582 wie
2664 2526 2766 2580 lv-

144 2636 364 2693 τρωτης
398 2614 497 2672 τοῦ
532 2614 750 2680 παντός.
806 2616 928 2674 oct.
964 2617 1047 2672 14.
1699 2611 1704 2616 ’

335 2707 399 2761 V.
439 2708 508 2780 ⁶8.
541 2707 618 2762 ist
643 2724 746 2763 aus
775 2709 896 2763 dem
923 2708 1197 2778 Hymnus:
1233 2707 1373 2763 Jesu
1399 2712 1599 2763 nostra
1624 2708 1933 2780 redemptio
1959 2707 2228 2778 entlehnt,
2262 2707 2356 2763 bei
2373 2705 2573 2764 Daniel
2605 2706 2656 2774 1,
2672 2705 2752 2760 63

329 2795 396 2851 V.
431 2797 515 2850 97.
571 2793 834 2868 ἀμύθητοι
867 2799 1200 2868 πταίσματα.
1247 2795 1408 2854 Mart.
1446 2797 1528 2850 14.

937 3078 1055 3149 27.
1128 3077 1461 3176 Hymnus
1512 3077 1600 3148 de
1657 3074 1963 3149 Christo.

158 3251 258 3317 Te
303 3247 559 3315 Christe
607 3250 796 3317 deum
841 3250 1195 3336 dominum,
1641 3267 1741 3315 ‚c
1785 3297 1801 3313 .
1827 3241 1863 3311 ’.
1908 3249 1964 3311 is
1998 3246 2432 3332 jejunantem,
2681 3246 2772 3312 15

150 3383 197 3422 ..-
230 3403 806 3421 ..........
851 3374 959 3420 um
1516 3351 1830 3421 Zabulum
1873 3354 2031 3418 teris
2075 3360 2459 3436 tentantem,

150 3467 550 3543 mneeptm
593 3476 781 3523 sacro
824 3466 1166 3542 pneumate
1180 3505 1199 3541 ,

164 3568 386 3626 natum
430 3559 511 3623 de
557 3567 760 3623 matre
803 3559 1075 3641 virgine.
1517 3508 1739 3593 S¹g¹¹¹⁸
1783 3509 1982 3573 variis
2024 3506 2381 3593 pmffitum'

1519 3613 1956 3696 doctrinisque
2001 3612 2533 3696 demonstratum,

166 3714 341 3796 (Te)
368 3735 666 3799 puerum,
702 3714 1104 3797 vagientem,
1372 3714 1412 3775 5
1492 3721 1586 3800 ‚in
1627 3726 1842 3783 monte
1888 3715 2443 3798 transfiguratum,

150 3818 544 3916 jactantem,
589 3817 818 3900 pannis
863 3818 1169 3902 obsitum,
1520 3843 1561 3888 a
1605 3822 1950 3906 puerisque
1993 3820 2351 3901 laudatum,
2678 3820 2770 3886 20

160 3921 497 4006 praesepio
540 3921 933 4005 impositum,

399 4025 411 4038 .
746 4025 758 4039 .
1517 3975 1880 4046 Lavantem
1923 3974 2127 4059 pedes
2172 3973 2533 4058 discipulis,

154 4026 538 4109 pastoribus
582 4032 970 4109 nuntlatum,

1518 4081 1678 4166 ipsis
1718 4088 1784 4145 et
1827 4080 1998 4146 sacri
2038 4078 2335 4163 eorporis

154 4181 246 4267 ⁴In
290 4201 485 4246 carne
530 4187 596 4244 te
642 4182 1114 4265 circumcisum,
1519 4183 1832 4267 mysteria
1875 4181 1968 4248 tui
2012 4178 2343 4262 sanguinis

158 4283 476 4366 gentibus
516 4282 711 4346 stella
754 4283 1118 4366 cognitum,
1335 4286 1416 4349 10
1521 4283 1884 4351 tradentem
1927 4283 2029 4346 his
2072 4287 2141 4344 et
2183 4278 2483 4366 posteris.

168 4386 414 4469 temPIO
459 4396 953 4470 Praeflemamm²
1520 4439 1598 4511 In
1642 4440 1880 4525 agonia
1924 4438 2303 4521 sanguinem
2688 4435 2776 4503 25

164 4625 169 4630 ,
1526 4545 1734 4611 adoro
1778 4553 1843 4609 te
1889 4543 2223 4610 sudantem
2240 4592 2259 4629 ,

170 4647 631 4716 Proficientem
673 4669 980 4736 eorpore,
1524 4666 1651 4733 pro
1694 4649 1881 4713 nobis
1921 4655 2181 4716 mortem
2219 4650 2503 4733 patiens,

166 4753 572 4836 baptizatum
613 4754 679 4820 iu
722 4753 1009 4839 flumine,
1523 4756 1601 4819 ut
1639 4770 1755 4820 nos
1798 4771 1842 4822 a
1881 4758 2079 4822 morte
2120 4753 2378 4822 tolleres.
