3159 5259
1130 776 1305 853 315.
1367 776 1701 875 Hymnus
1753 796 1810 844 s.
1864 769 2255 843 Michaelis.

391 965 622 1077 finitas
665 1004 731 1070 in
774 1003 1060 1070 uinitate
1755 1001 1828 1062 ut
1871 1014 1974 1059 me
2016 1001 2223 1080 ponat
2266 994 2334 1059 in
2377 997 2693 1061 bonorum

482 1130 636 1196 spes
680 1129 827 1175 mea
868 1105 1006 1171 fixa
1050 1122 1181 1171 non
1222 1103 1289 1170 in
1333 1100 1611 1182 homine,
1844 1106 2215 1163 sanctorum
2260 1100 2685 1165 consortibus.

391 1214 515 1281 sed
560 1209 1026 1294 archangelum
1071 1206 1394 1291 deprecor

481 1316 871 1386 michaelem
915 1312 1200 1393 nomine,
1758 1285 2040 1354 Sanctus
2083 1286 2369 1354 Michael
2410 1288 2777 1355 intercedat
2943 1293 3033 1356 25

1845 1388 2109 1473 adiutor
2151 1390 2509 1473 probabilis

395 1501 487 1576 Ut
528 1504 615 1570 sit
657 1502 888 1569 obvius
932 1520 1015 1568 ae
1056 1498 1291 1565 missus
1609 1496 1650 1559 5
1757 1509 1886 1578 pro
1926 1511 2030 1556 me
2046 1538 2064 1573 ,
2111 1508 2252 1557 sum
2295 1493 2446 1574 quia
2488 1500 2806 1575 peccator

484 1605 643 1672 mihi
684 1605 813 1670 deo
855 1604 1127 1670 doctore
1850 1641 1866 1659 .
1896 1642 1912 1658 .
1941 1643 1956 1658 .
1988 1642 2005 1658 .
2049 1602 2245 1677 atque
2290 1594 2559 1677 stag-ilis.

399 1708 568 1778 hora
609 1710 823 1775 exitus
867 1707 951 1774 de
995 1704 1132 1771 vita
2164 1783 2179 1798 .

485 1810 616 1878 ista
659 1819 853 1895 atque
899 1826 1181 1894 corpore
1199 1854 1216 1889 ‚
1761 1781 2043 1849 Sanctus
2088 1781 2376 1849 Michael
2415 1802 2520 1847 me
2565 1782 2890 1850 defendat

1849 1906 2108 1972 semper
2154 1887 2288 1951 suis
2331 1887 2577 1952 viribus
2941 1889 3032 1955 30

398 1999 502 2072 Ne
544 2020 648 2065 me
693 1997 888 2064 ducat
932 1998 1284 2061 animarum
1763 1989 1977 2056 anima
2019 1989 2399 2074 egrediente

485 2101 779 2167 minister
819 2098 1124 2181 metgias,
1572 2094 1656 2160 10
1850 2111 1995 2160 cum
2038 2100 2409 2159 sanctorum
2452 2091 2750 2158 millibus.

399 2206 545 2293 ipse
590 2204 903 2290 princeps
947 2202 1363 2267 tenebrarum
2258 2283 2271 2298 .

487 2317 685 2393 atque
728 2327 849 2392 pes
895 2306 1236 2390 superbia
1761 2281 2044 2350 Sanctus
2075 2282 2404 2366 Gabnhel,
2436 2291 2696 2349 sanctus
2712 2281 3032 2369 Raphael

1849 2394 2045 2469 atque
2088 2405 2313 2452 omues
2358 2386 2578 2470 angeli

400 2496 824 2583 Adjutorium
868 2501 1207 2560 succurrat
1759 2490 2167 2556 intercedant
2209 2509 2333 2575 pro
2377 2511 2480 2555 me
2525 2509 2788 2575 semper
2941 2496 3034 2559 35

490 2597 833 2664 Michaelis
879 2595 1259 2677 archangeli
1850 2594 2038 2659 simul
2080 2601 2148 2659 et
2198 2593 2595 2679 archangeli.

401 2699 491 2767 ad
526 2717 629 2763 me
672 2697 871 2780 hora,
918 2713 1047 2779 qua
1090 2695 1467 2779 gaudebunt
1574 2696 1657 2761 15

481 2801 643 2888 justi
689 2809 886 2884 atque
932 2799 1168 2883 angeli.
1765 2782 2058 2850 Aeterne
2101 2793 2376 2870 possunt
2419 2794 2738 2871 praestare

1850 2888 2029 2972 regis
2075 2889 2264 2971 regni
2310 2890 2522 2972 curia,

403 2989 595 3063 Illum
638 3007 840 3073 rogo,
884 3009 970 3054 ne
1016 2988 1290 3054 dimittat
1763 2999 1836 3058 ut
1877 2992 2267 3076 possedeam
2312 3012 2457 3060 eum
2502 2992 2764 3061 Christo

491 3094 649 3160 mihi
692 3102 913 3158 truces
958 3094 1213 3177 species
1848 3095 2140 3180 paradisi
2184 3096 2443 3179 gaudia,
2944 3101 3034 3164 40

405 3196 672 3277 inimici,
718 3195 838 3260 sed
882 3195 1189 3278 deducat,

494 3301 607 3367 ubi
649 3301 838 3382 regni
879 3300 1159 3383 requies.
1576 3298 1662 3361 20
1766 3281 1991 3350 Gloria
2033 3283 2116 3348 Sit
2160 3301 2422 3368 semper
2466 3282 2622 3368 (loo,

1852 3388 2026 3471 patri
2072 3395 2267 3470 atque
2313 3384 2448 3453 filio

406 3484 708 3570 Adjuvat
748 3507 851 3551 me
894 3498 1161 3554 sanctus
1204 3488 1490 3556 Michael
1766 3489 1954 3554 simul
1997 3508 2141 3554 cum
2187 3497 2417 3555 sancto
2462 3490 2690 3574 spiritu

497 3589 726 3656 diebus
772 3608 852 3656 ac
895 3592 1218 3672 noctibus,
1850 3590 1919 3654 in
1962 3608 2092 3656 uno
2136 3591 2426 3676 consili0.
2491 3612 2692 3656 amen.

587 3799 974 3855 Reichcnauer
1009 3797 1104 3853 110.
1141 3815 1211 3853 zu
1247 3799 1580 3870 Karlsruhe,
1617 3800 1725 3856 No.
1749 3803 1869 3857 221.
1907 3800 2218 3858 vorletztes
2246 3801 2421 3870 matt,
2458 3816 2562 3858 aus
2597 3801 2724 3858 dem
2759 3804 2794 3860 8
2818 3804 3034 3864 Jahrb.

408 3899 527 3943 von
559 3884 918 3944 frankischer
950 3886 1132 3955 nand,
1169 3884 1309 3941 aber
1346 3902 1459 3943 von
1497 3887 1680 3942 ciuem
1714 3887 1960 3943 irischen
1996 3888 2242 3944 Dichter.

595 4030 633 4082 2
680 4027 804 4083 dem
850 4027 1032 4082 Verse
1081 4027 1227 4081 nach
1274 4026 1348 4080 ist
1390 4024 1509 4094 fisca
1555 4042 1628 4080 zu
1675 4024 1804 4080 viel.
1886 4027 1923 4080 6
1972 4019 2067 4081 fiir
2103 4025 2365 4096 ductore,
2429 4029 2573 4084 nach
2609 4030 2856 4088 irischcr
2895 4037 3042 4091 Aus-

410 4116 664 4187 sprache.
745 4118 815 4171 10
853 4133 964 4171 von
1003 4116 1273 4191 ἐνέργεια,
1309 4113 1889 4186 zusammenhingend
1925 4114 2026 4170 mit
2062 4115 2167 4170 den
2206 4117 2582 4188 Besesseneu,
2637 4119 3050 4194 ἐνεργούμενα.

412 4208 486 4263 28
535 4203 683 4261 fehlt
730 4206 819 4261 eiu
856 4206 1035 4260 Wort
1083 4205 1228 4259 ohne
1265 4203 1451 4257 anke
1500 4202 1602 4258 der
1639 4202 1735 4258 Hs.
1832 4204 1903 4257 37
1941 4209 2170 4258 aeternae
2206 4203 2301 4259 Hs.
2399 4206 2470 4260 38
2506 4222 2567 4260 es
2604 4207 2759 4262 steht
2793 4210 3047 4277 ccurieq

411 4294 467 4352 d.
501 4296 535 4350 i.
573 4295 734 4350 auria
770 4294 914 4349 nach
950 4294 1052 4348 der
1087 4287 1304 4349 schrift
1340 4291 1438 4346 des
1476 4292 1510 4345 8
1551 4287 1997 4358 Jahrhnnderts‚
2052 4289 2191 4345 oder
2239 4291 2434 4362 guria3
2497 4281 2658 4349 beide
2691 4291 2883 4349 verse
2920 4295 3052 4352 sind

410 4383 734 4440 undeutlich
773 4380 884 4436 und
918 4378 1391 4437 wahrscheinlich
1425 4377 1764 4432 verdon-beu.
1830 4379 1901 4432 39
1937 4374 2030 4432 fiir
2055 4378 2392 4447 possideam.
3133 4407 3134 4464 ἢ

588 4524 653 4579 V.
698 4527 724 4578 1
774 4522 999 4578 bezieht
1044 4522 1166 4577 sich
1214 4521 1403 4578 sowol
1454 4517 1562 4576 auf
1591 4519 1693 4575 das
1729 4518 2382 4577 Glaubensbekcnntuiss
2428 4521 2528 4576 des
2565 4521 2617 4575 h.
2652 4521 3047 4578 Athenai-z

407 4609 625 4682 μονάδα
669 4610 725 4666 ἐν
758 4608 945 4686 τριάδι
981 4607 1297 4684 σεβόμεθα,
1371 4608 1463 4664 als
1509 4608 1658 4664 auch
1702 4604 1811 4664 auf
1849 4606 1938 4663 dic
1973 4607 2345 4681 Verbindung
2395 4608 2496 4664 des
2533 4607 2892 4681 hisagimn
2943 4611 3054 4666 nit

407 4695 517 4752 den
564 4696 899 4769 Erzcugeln.
951 4698 1011 4756 S.
1046 4699 1152 4754 No.
1188 4698 1310 4767 316,
1350 4698 1504 4754 1-4,
