3159 5259
617 499 797 559 astra
832 492 1138 578 jocundis
1179 492 1412 560 m}-
1452 494 1806 562 lminarih

620 598 821 679 cingit
862 617 984 681 per
1029 613 1216 662 omne
1261 597 1462 664 deon
1500 600 1854 684 radiantia,

625 703 891 768 distillat
934 706 1049 768 aer
1091 703 1525 770 balsamorum
1566 707 1871 788 guttulas.

612 861 835 947 Ortus,
882 882 1182 947 occasus,
1225 865 1445 948 'aquilo
1457 912 1478 947 ,
1523 865 1925 948 septentrion

608 968 961 1051 tellusque,
1005 976 1272 1053 pontus,
1319 969 1546 1033 oceani
1590 968 1824 1035 limites

609 1072 757 1155 lati,
801 1072 1099 1155 polorum
1134 1072 1411 1156 jubilate
1458 1071 1788 1157 cardines,

610 1175 824 1239 fontes
868 1195 1209 1258 aquarum,
1253 1174 1515 1241 flumina
1555 1176 1876 1260 labentia,

611 1279 919 1364 plaudete
962 1298 1154 1347 manu
1196 1281 1504 1344 montium
1543 1282 1895 1347 menmium.

610 1445 910 1513 Surrexit
952 1447 1120 1513 enim
1165 1445 1456 1513 dominus
1503 1447 1587 1511 ab
1632 1446 1856 1511 inferis
1871 1495 1891 1529 ,

611 1550 871 1616 devicta
914 1557 1126 1613 morte
1170 1567 1314 1614 eum
1357 1548 1681 1633 triumpho
1726 1544 1948 1633 rediit,

608 1654 822 1719 victor
864 1654 1147 1737 iniquum
1193 1653 1501 1736 spoliavit
1543 1660 1888 1736 tartarum,

611 1759 895 1825 claustra
939 1756 1262 1839 gehennae
1306 1756 1506 1839 fregit
1545 1764 1616 1821 et
1660 1757 2145 1842 cyrographum

608 1862 830 1926 mortis
876 1878 1108 1927 eruore
1154 1859 1340 1924 diluit
1379 1859 1665 1924 rosifluo.

616 2018 735 2085 Sol
782 2039 1000 2085 scema
1042 2016 1291 2100 mundi,
1338 2017 1537 2083 decus
1586 2016 1732 2083 ooeli
1776 2018 2055 2104 rutilum,

611 2125 846 2190 delusit
891 2141 1077 2187 omne
1122 2122 1430 2187 saeeulum
1474 2121 1792 2204 meridiae,

606 2230 771 2294 texit
812 2228 1156 2312 globorum
1193 2225 1532 2310 lanpades
1575 2226 1930 2309 nigridine,
1980 2276 1987 2283 .

608 2333 841 2398 eoelum
883 2332 1184 2413 tabescit,
1227 2338 1410 2394 tem
1450 2337 1645 2395 noete
1688 2331 1984 2413 territur,

608 2435 863 2518 languit
906 2434 1083 2499 orbis
1127 2431 1394 2498 obsidus
1435 2432 1735 2515 ealigine.

796 2643 812 2660 .
899 2590 1103 2677 (fehlt
1141 2594 1174 2659 1
1221 2593 1396 2675 Vers,
1440 2590 2015 2678 weqyesclmitten.)

602 2701 820 2767 velum
864 2699 1208 2765 rescissum
1254 2705 1356 2763 est
1399 2698 1623 2783 templi
1665 2716 1817 2763 mox
1860 2720 1983 2784 per
2026 2701 2335 2788 medium,

608 2805 783 2870 fissae
828 2803 1064 2869 deiude
1105 2810 1455 2886 patuerunt
1490 2802 1704 2867 silices
1718 2849 1736 2883 ‚

601 2909 803 2974 multa
847 2908 1098 2992 piorum
1143 2922 1424 2989 corpora
1467 2912 1887 2969 surrexerant

609 3012 695 3078 de
737 3009 1189 3091 monumentis,
1237 3007 1475 3073 dudum
1520 3009 1628 3091 qui
1670 3007 2084 3075 dormierant.

611 3164 702 3234 Ut
742 3169 904 3233 vidit
950 3171 1181 3256 anguis
1223 3170 1614 3235 immolatum
1654 3188 1937 3254 vespere

609 3273 905 3357 corporis
952 3274 1102 3339 almi
1145 3280 1437 3338 sanctum
1479 3271 1897 3357 sacrificium,

608 3378 782 3461 quod
824 3398 1011 3443 mane
1057 3378 1288 3444 eoelum
1331 3377 1613 3461 replevit
1649 3377 1990 3463 odoribus,

610 3481 840 3553 dolore
883 3482 1084 3548 multo
1128 3480 1387 3547 saueius
1429 3480 1751 3565 increpuit
1764 3529 1781 3564 ,

601 3586 941 3670 perculsus
986 3586 1142 3668 agni
1182 3584 1498 3650 mansueti
1538 3585 1828 3651 vulnere.

600 3736 782 3804 Vidit
823 3740 890 3806 in
935 3761 1053 3809 ara
1094 3761 1348 3809 sacram
1393 3743 1603 3810 erucis
1648 3744 1925 3828 ostiam,¹

600 3845 933 3926 sanguinis
978 3847 1242 3932 undam,
1287 3849 1547 3914 laticem
1593 3847 1674 3912 de
1720 3848 1928 3912 latere

602 3957 832 4014 saneto
874 3949 1135 4035 fluente,
1179 3952 1403 4019 saeeuli
1446 3953 1556 4035 qui
1600 3950 1867 4017 erimina

600 4053 833 4137 abluit,
881 4055 1016 4120 alta
1059 4055 1350 4140 paradisi
1392 4054 1633 4139 gaudia

597 4155 758 4221 data
799 4157 1068 4242 latroni,
1105 4160 1349 4224 fruetus
1394 4159 1566 4224 eolla
1614 4158 1849 4223 sibilat.

597 4312 788 4381 Felix
831 4316 1086 4383 refulsit
1123 4316 1336 4383 tristia
1377 4325 1532 4403 post
1581 4319 1856 4383 sabbata

597 4418 707 4485 die
752 4438 986 4488 sereno
1030 4423 1427 4510 perlustrata
1468 4422 1705 4487 lumine
1723 4470 1743 4505 ‚

607 4544 756 4608 quae
799 4527 942 4592 sola
986 4528 1231 4594 eunetis
1275 4528 1634 4593 antefertur
1679 4526 1905 4592 diebus
1925 4571 1944 4607 ‚

591 4628 663 4694 in
709 4648 839 4713 qua
879 4630 1256 4716 redempter
1298 4632 1581 4699 surrexit
1610 4652 1657 4697 a
1699 4630 1967 4697 mortuis

591 4733 833 4801 munde
876 4738 1161 4821 superbo
1204 4745 1514 4823 superato
1555 4735 1868 4822 prmipe.

2705 1288 2789 1351 10

2700 1862 2785 1926 15

2695 2438 2781 2501 20

2691 3172 2776 3236 25

2692 3744 2774 3808 30

2688 4317 2772 4380 35
