3159 5259
730 1074 737 1082 ·
864 943 1392 1033 unnim
1470 938 1744 1030 ΑΒΕ
1817 931 2059 1026 mn
2119 938 2619 1083 nNaEL.

948 1327 1128 1401 306.
1194 1327 1313 1398 De
1361 1350 1614 1398 novem
1664 1323 2031 1398 ordinibus
2083 1324 2520 1428 angelorum.

683 1528 933 1597 Faotor
977 1529 1157 1596 orbis
1205 1530 1585 1611 angelorum
1627 1548 1751 1612 per
1794 1547 2087 1595 novenos
2133 1529 2395 1595 ordines

684 1634 1019 1700 civitatem
1065 1633 1525 1715 sempiternam
1569 1632 1669 1697 sio
1712 1632 1957 1700 locavit
2005 1633 2333 1716 primitus,

684 1744 761 1802 ut
802 1758 963 1822 per
956 1754 1118 1800 eum
1160 1754 1294 1818 pax
1339 1734 1405 1798 in
1450 1733 1563 1797 ilia
1609 1753 1869 1817 semper
1913 1741 2094 1798 esset
2135 1736 2445 1816 maxima3

684 1898 830 1968 Sed
873 1904 1195 1986 superbus
1240 1902 1675 1968 intumeseem
1722 1901 1788 1965 in
1833 1908 2166 1968 tonantem
2206 1899 2474 1970 Lucifer

684 2006 891 2070 multa
937 2024 1160 2070 seeum
1208 2004 1404 2070 traxit
1444 2003 1597 2070 inde
1644 2003 2127 2087 transfugarum
2169 2005 2370 2074 millia

680 2125 941 2192 proque
985 2107 1152 2174 eoelo
1196 2125 1272 2174 se
1316 2106 1650 2174 Gehennae
1691 2108 2048 2193 principari
2088 2110 2328 2178 maluit.

683 2268 881 2339 Unde
926 2290 1143 2338 rerum
1188 2291 1469 2337 summus
1512 2271 1626 2336 ille
1669 2271 2061 2357 providebat
2104 2274 2339 2339 artifex
2354 2323 2372 2359 ,

681 2377 756 2443 in
797 2384 1111 2442 vacantes
1157 2398 1333 2443 areae
1379 2376 1573 2442 sedes
1620 2377 1935 2443 suscitare
1980 2361 2292 2462 incolam,

689 2475 803 2563 qui
847 2479 1098 2545 subiret
1139 2481 1538 2562 perditorum
1587 2479 2025 2563 dignitatem.

685 2642 967 2726 Jamque
1011 2643 1164 2709 limo
1208 2642 1655 2730 protoplastus
1705 2642 2059 2710 eonditoris
2102 2662 2224 2730 per
2267 2661 2523 2709 manum

684 2748 981 2811 membra
1028 2764 1286 2811 sumens
1331 2741 1530 2813 traxit
1572 2747 1707 2813 alto
1755 2767 1829 2812 se
1875 2746 2203 2812 foventem
2247 2747 2568 2832 spiritum,

688 2849 812 2915 sed
855 2869 980 2916 neo
1023 2852 1165 2934 ipse
1210 2853 1637 2935 permanebat
1676 2851 1743 2915 in
1787 2859 2057 2934 reoepto
2101 2869 2385 2916 munere.

678 3014 807 3084 ma
847 3034 1012 3082 vero
1056 3014 1192 3081 fixa
1235 3016 1402 3082 ooelo
1449 3037 1597 3101 quae
1642 3025 1963 3084 steterunt
2007 3017 2296 3102 agmina,

677 3119 1025 3186 ordinatim
1068 3120 1426 3186 sortiuntur
1468 3121 1852 3205 dignitatum
1894 3124 2182 3204 nomina,

674 3231 754 3292 ut
797 3225 1156 3312 quibusque
1202 3225 1315 3291 dat
1358 3227 1584 3292 valere
1630 3234 1850 3294 rector
1891 3227 2035 3312 ipse
2081 3225 2378 3292 omnium.

676 3382 979 3468 Namque
1022 3386 1147 3450 soli
1193 3386 1262 3450 hi
1306 3392 1626 3452 vocantur
1670 3385 2049 3469 angelorum
2092 3385 2378 3471 nomine,

678 3486 792 3568 qui
834 3487 1197 3553 ministrant
1231 3489 1296 3556 111
1331 3488 1643 3576 juvandis
1689 3490 1866 3555 orbis
1909 3489 2103 3578 hujus
2151 3490 2455 3575 advenis,

675 3587 801 3657 sed
846 3590 978 3654 suis
1021 3600 1177 3677 post
1222 3613 1347 3658 axe
1393 3595 1546 3660 ooeli
1589 3593 1978 3680 deputandis
2024 3595 2291 3660 civibus

677 3749 932 3833 Quique
975 3755 1259 3812 tractant
1302 3749 1444 3813 sola
1489 3767 1710 3814 oausae
1753 3748 2135 3834 principalis
2178 3748 2402 3814 nuntia

672 3853 1075 3942 propriAque
1119 3853 1488 3918 nominandi
1531 3861 1710 3919 sorte
1754 3854 2006 3937 pollent
2047 3855 2314 3936 insuper
2327 3899 2345 3931 ‚
2383 3851 2390 3859 ’

670 3980 761 4027 ex
806 3959 1072 4028 honoris
1118 3958 1429 4041 qualitate
1463 3957 1620 4041 jure
1663 3964 1818 4024 suut
1861 3956 2261 4046 archangeli.

675 4119 856 4187 Ordo
899 4129 1144 4212 praeest
1188 4120 1297 4205 qui
1340 4119 1648 4208 gerendis
1692 4139 1814 4205 per
1858 4121 2067 4186 bonos
2111 4115 2472 4202 miraculis,

668 4226 817 4292 sive
859 4228 1050 4292 vivos
1095 4227 1237 4290 sive
1282 4227 1496 4291 earnis
1539 4224 1852 4290 liberatos
1897 4242 2198 4309 earcere,

663 4333 782 4401 ille
826 4348 1059 4397 nomen
1103 4329 1436 4415 dignitatis
1479 4330 1672 4396 sumit
1716 4348 1800 4395 ex
1844 4329 2205 4395 virtutibus.

667 4491 845 4562 Cura
890 4511 1161 4578 quorum
1205 4492 1290 4560 ad
1332 4493 1656 4580 fugandas
1699 4501 1977 4580 praestat
2018 4494 2153 4559 iras
2199 4493 2584 4582 daemonum,

656 4597 923 4681 quando
974 4597 1184 4681 captis
1226 4599 1599 4665 inseruntur
1641 4601 1962 4666 mentibus
2005 4598 2373 4664 mortalium
2392 4646 2412 4683 ,

652 4699 787 4765 hos
827 4706 1192 4786 potestates
1234 4703 1462 4770 vocari
1505 4702 1747 4789 dogma
1788 4709 2046 4774 sacrum
2090 4700 2430 4791 praedioat.

2961 2647 3060 2712 10

2961 3226 3052 3290 15

2959 3850 3050 3915 20

2953 4499 3056 4564 25
