3159 5259
1218 492 1340 565 22.
1414 491 1638 564 Horoe
1689 489 1780 563 de
1832 517 1887 564 s.
1939 494 2268 566 trinitate.

1494 663 1582 728 ad
1619 666 1979 730 mutina-5.

868 781 1244 865 Quicunque
1287 782 1427 847 vult
1470 782 1746 846 animam
1789 782 2060 847 firmiter
2101 784 2396 867 salvare,

867 896 1005 953 tres
1048 904 1365 972 personas
1410 886 1712 968 credere,
1757 906 1953 972 pares
1998 887 2324 955 honorare

874 998 1130 1056 tenetur
1173 997 1241 1054 et
1275 989 1526 1074 jugiter
1568 991 1876 1074 precibus
1922 1008 2147 1073 orare,

870 1115 1066 1161 unum
1110 1092 1299 1158 deum
1343 1093 1593 1178 dicere,
1641 1093 1847 1159 solum
1891 1094 2188 1159 adorare.

1538 1234 1628 1300 ad
1663 1235 1953 1318 primam.

876 1369 1253 1435 Trinitatem
1298 1369 1618 1436 credimus
1661 1389 1972 1436 summum
2015 1370 2410 1455 genitorem,

869 1482 1165 1540 sanctum
1210 1473 1353 1558 ejus
1398 1471 1600 1537 filium
1642 1481 1931 1539 nostrum
1977 1473 2487 1560 redemptorem,

874 1579 1168 1663 spiritum
1211 1578 1597 1663 paraclitum
1642 1579 1876 1661 gratiae
1921 1579 2212 1643 datorem
2225 1628 2243 1665 ,

871 1703 1067 1749 unum
1111 1691 1327 1778 tamen
1371 1682 1640 1748 dicimus
1686 1682 1876 1748 deum
1922 1692 2301 1749 creatorem.
2352 1769 2361 1776 ·

1540 1841 1630 1906 ad
1672 1843 1932 1907 tertiam.

873 1976 944 2044 A
987 1994 1058 2042 se
1102 1985 1357 2062 patrem
1399 1978 1741 2063 credimuS,
1788 1999 1931 2046 cum
1974 1980 2146 2046 hunc
2190 1979 2534 2064 generavit

874 2082 1104 2166 filium,
1151 2081 1233 2146 de
1278 2082 1513 2149 lumine
1558 2083 1773 2149 lumen
1816 2086 2189 2166 resultavit,

875 2186 1340 2272 procedentem
1384 2187 1676 2270 spiritum
1719 2196 1990 2271 uterque
2037 2187 2342 2272 spiravit,

874 2290 1089 2357 nullus
1134 2290 1364 2356 horum
1413 2290 1638 2373 genuit
1679 2291 1892 2374 ipsum
1935 2291 2046 2354 vel
2089 2290 2355 2355 creavit.

1545 2451 1635 2516 ad
1674 2454 1931 2516 sextam.

878 2586 1031 2652 Vox
1076 2586 1164 2650 ad
1204 2594 1454 2671 patrem
1499 2587 1782 2669 pertinet
1826 2604 2024 2671 super
2066 2588 2493 2672 baptizatum,

876 2711 1023 2774 quae
1070 2693 1324 2755 sonavit
1368 2691 1567 2755 filium
1610 2690 1885 2756 humane
1930 2700 2265 2776 vocatum,

874 2804 1125 2860 naturae
1170 2791 1474 2879 suscepta
1518 2795 1834 2860 columbae
1879 2797 2167 2861 volatum

879 2897 1198 2964 credimus
1243 2906 1310 2963 et
1352 2899 1636 2983 speciem
1678 2899 1996 2982 paraclito
2044 2898 2280 2964 datum.

1555 3055 1644 3121 ad
1684 3073 1931 3121 nonam.

874 3191 949 3261 In
991 3202 1181 3278 patre
1227 3195 1519 3278 potentia
1567 3202 1802 3259 cuncta
1846 3194 2223 3278 denotatur,

878 3297 1014 3361 filio
1057 3298 1402 3383 prudentia
1445 3300 1654 3364 omnis
1700 3297 2106 3380 declaratur,

881 3403 1093 3484 gratia
1136 3401 1452 3485 paraclito
1497 3403 1803 3467 universa
1847 3401 2067 3485 datur,

883 3505 993 3586 qui
1037 3525 1181 3572 cum
1222 3513 1410 3587 patre
1454 3514 1736 3589 natoque
1781 3505 2324 3590 conglorificatur.

1541 3666 1629 3731 ad
1669 3682 1977 3749 vesperas

881 3802 1232 3867 Voluntate
1275 3802 1483 3886 patris
1528 3801 1698 3867 filius
1741 3804 2114 3868 incarnatus

882 3915 950 3971 et
995 3906 1076 3970 de
1123 3913 1347 3970 sancto
1391 3907 1624 3989 spiritu
1668 3927 1753 3971 ex
1795 3908 2051 3988 virgine
2094 3913 2319 3990 natus,

883 4009 1261 4091 crucifixus,
1307 4018 1596 4074 mortuus
1642 4017 1834 4093 atque
1879 4010 2258 4093 tumulatuS,

884 4132 1240 4196 resurgens
1286 4111 1652 4199 discipulis,
1700 4113 1881 4180 coelis
1927 4116 2321 4180 sublimatus.

1451 4274 1540 4339 ad
1581 4273 2058 4357 completorium.

881 4405 969 4475 Et
1011 4430 1132 4494 per
1177 4410 1383 4496 ipsum
1429 4413 1666 4479 erimus
1712 4433 1933 4480 omnes
1970 4411 2282 4498 judicati,

889 4515 1065 4579 beati
1110 4515 1195 4579 ad
1239 4518 1514 4599 gloriam
1559 4526 1869 4582 aeternam
1912 4516 2160 4598 vocati,

889 4615 976 4680 ad
1016 4638 1245 4701 poenas
1288 4632 1645 4706 perpetuas
1685 4622 1840 4687 mali
1884 4618 2325 4702 condemnati,

887 4718 1037 4790 haec
1081 4724 1294 4790 omnia
1339 4725 1611 4793 credere
1655 4733 1957 4794 tenentur
2000 4724 2198 4796 beati.

2987 2088 3078 2153 10

2991 2799 3076 2864 15

2985 3510 3072 3586 20

2981 4412 3122 4510 25ι
