3159 5259
120 472 305 541 Jesu
319 521 339 555 ,
389 490 668 556 sponsus
712 471 1075 555 gloriosus,

120 578 341 643 homo
389 584 580 640 natus
625 576 967 658 speciosus

220 699 379 762 pree
427 679 573 742 filiis
616 678 972 759 hominum,

126 801 375 863 quaere
422 800 679 845 servum
723 788 937 863 tuum,
980 798 1145 844 vere

2 944 3 947 ,
128 882 456 948 desidero
502 891 567 946 te
608 881 837 945 videre

224 984 536 1049 veritatis
583 983 923 1046 dominum.

127 1198 342 1280 Jesu,
391 1218 551 1261 vere
595 1198 784 1261 favus
827 1196 1073 1279 mellis,

130 1320 341 1384 quem
391 1317 611 1364 amaro
655 1308 816 1381 potu
860 1298 1031 1363 fellis

226 1400 514 1466 Judaeus
558 1401 867 1479 inebriat,

134 1522 337 1570 amor
382 1510 513 1567 tuae
559 1500 847 1566 caritatis

134 1608 210 1671 in
260 1612 535 1668 aeternae
579 1604 892 1667 claritatis

233 1725 453 1790 regno
497 1727 600 1771 me
645 1708 973 1793 suscipiat.

138 1919 322 1986 Jesu
368 1938 631 1987 summae
675 1920 1010 2004 bonitatis,

141 2041 318 2086 erue
363 2040 465 2084 me
513 2020 594 2084 de
638 2023 930 2104 peccatis

240 2135 313 2191 et
360 2128 573 2192 carnis
619 2129 974 2211 ergastulo,

137 2230 347 2313 «Iesu,
395 2231 578 2313 cujus
629 2250 790 2296 onus
833 2231 1017 2314 leve,

143 2334 260 2418 qui
307 2341 651 2417 peccatum
695 2334 878 2398 deles
921 2333 1087 2401 Evae

235 2437 453 2502 crucis
495 2438 563 2501 in
605 2438 918 2521 patibulo.

141 2648 347 2729 Jesu‚
392 2654 464 2711 tu
506 2667 609 2712 me
655 2648 1027 2729 consolare,

148 2750 390 2814 coelum
437 2751 544 2831 qui
587 2751 764 2832 regis
804 2758 871 2813 et
912 2769 1095 2815 mare

244 2851 432 2915 simul
478 2860 545 2914 et
586 2853 955 2935 terrestria,

149 2971 261 3017 me
305 2960 617 3035 protege,
659 2973 744 3017 ne
785 2973 890 3017 me
935 2954 1122 3018 fallat

20 3060 25 3065 ’
153 3053 367 3118 hostis
415 3054 619 3118 malus
667 3062 861 3136 atque
906 3058 1149 3142 calcat,

247 3158 368 3223 sub
413 3165 526 3221 tua
561 3157 869 3223 custodia.

153 3368 354 3452 sesa,
398 3367 611 3434 David
654 3373 876 3455 proles
921 3373 1063 3457 pia,

151 3473 364 3536 virtus
407 3472 612 3554 patris
657 3481 722 3536 et
765 3475 1027 3558 sophia,

249 3576 356 3656 qui
401 3574 599 3640 doces
645 3578 853 3661 utilia,

154 3685 289 3744 1²1ae
334 3688 582 3745 cunctae
629 3689 946 3747 creaturae

155 3791 224 3848 te
270 3783 656 3866 collaudant,
703 3794 933 3851 cuncta
969 3786 1141 3871 jure,

248 3886 509 3970 coelum,
555 3897 763 3971 terra,
806 3890 1028 3955 maria.

156 4105 351 4188 Jesu,
394 4128 558 4172 meae
602 4128 756 4193 spes
801 4114 1056 4197 salutis,

155 4207 224 4271 in
267 4216 557 4291 tempore
602 4215 950 4277 senectutis

244 4314 380 4376 noli
423 4334 523 4379 me
567 4318 931 4402 projicere,

155 4424 224 4481 te
266 4419 501 4482 invoco
546 4420 735 4485 deum
777 4444 1016 4509 meum,

160 4519 401 4602 adjuva
444 4542 576 4604 me,
638 4526 821 4589 solve
864 4549 1047 4594 reum

244 4622 327 4687 de
368 4627 620 4710 peccati
666 4630 975 4714 pondere.

1277 470 1408 535 265

1274 982 1406 1048 270

1275 1605 1405 1668 275

1275 2232 1411 2297 280

1278 2852 1406 2917 285

1275 3475 1406 3542 290

1272 4117 1400 4182 295

1269 4634 1399 4702 300

1510 469 1667 536 Vita
1710 489 1857 534 mea
1899 469 1965 532 in
2013 468 2240 533 dolore

1513 571 1736 639 deficit
1779 580 1847 636 et
1890 590 2007 636 cor
2052 590 2310 652 errore,

1603 674 1846 738 animus
1882 673 2255 756 gemitibus:

1512 776 1706 858 ἔθευ,
1751 777 1938 840 salva
1980 795 2084 838 me
2129 778 2484 861 turbatum,

1511 879 1776 946 laetifica
1821 879 2182 943 desolatum

1600 983 1855 1067 gaudiis
1873 1032 1878 1039 .
1901 984 2289 1048 coelestibus.

1513 1196 1709 1279 Jesn,
1755 1197 1939 1281 pacis
1985 1202 2435 1278 augmentator
2451 1243 2469 1277 ,

1515 1306 1588 1363 tu
1632 1299 1942 1363 coelornm
1978 1298 2334 1378 habitator,

1602 1401 1834 1465 mentis
1879 1400 2037 1482 fuga
2080 1402 2417 1482 tenebras,

1517 1520 1633 1570 cor
1675 1504 1929 1568 illustra
1968 1503 2414 1584 tenebrosum,

1513 1612 1755 1670 motum
1799 1604 1974 1687 pelle
2017 1604 2320 1668 vitiosum

1603 1714 1672 1771 et
1716 1705 1928 1770 carnis
1973 1705 2339 1769 illecebras.

1516 1920 1572 1985 Ο
1619 1919 1895 1983 dolentis
1941 1918 2344 1983 confortator
2360 1965 2378 2001 ,

1516 2040 1561 2089 ο
1599 2022 1856 2107 peccati
1898 2022 2261 2104 relaxator,

1601 2124 1790 2204 Jesu,
1834 2123 1981 2185 fons
2018 2123 2375 2187 dulcedinis

1514 2233 1711 2308 atque
1755 2245 1992 2291 corona
2033 2230 2366 2305 viminum,

1514 2335 1750 2396 oeterna
1794 2330 1902 2395 lua:
1945 2331 2350 2403 credentium,

1603 2431 1690 2496 da
1730 2447 2005 2514 regnum
2051 2426 2465 2493 celsitudinis.

1511 2642 1566 2708 0
1611 2643 1846 2709 infirmi
1889 2640 2350 2722 medicamen,'

1513 2762 1554 2809 o
1599 2747 1881 2828 lugentis
1926 2746 2370 2827 consolamen‚

1601 2846 1794 2929 Jesu‚
1841 2847 1941 2909 sol
1974 2847 2247 2928 justitiae
2268 2893 2287 2928 ,

1510 2969 1713 3033 parce
1749 2948 1905 3012 mihi
1946 2949 2367 3033 supplicanti,

1511 3054 1665 3118 leva
1707 3053 1989 3135 lapsum,
2035 3053 2121 3116 da
2163 3051 2425 3133 roganti

1595 3155 1810 3219 locum
1852 3152 2288 3234 indulgentiae.

1511 3367 1566 3437 Ο
1611 3371 1871 3435 intactae
1915 3367 2010 3433 fili
2051 3369 2306 3451 matris,

1508 3474 1703 3555 «Iesu,
1747 3472 1953 3534 virtus
1998 3468 2103 3533 dei
2146 3471 2380 3552 patriS‚

1596 3597 1717 3640 rex
1762 3582 2026 3641 aeternae
2069 3574 2299 3658 gloriae
2313 3624 2330 3658 ‚

1508 3680 1740 3744 refove
1782 3699 1885 3742 me
1929 3687 2452 3764 conquassatum,

1505 3784 1718 3865 dirige
1762 3803 1864 3847 me
1910 3784 2234 3850 deviatum

1594 3888 1663 3952 in
1704 3885 1829 3952 hac
1872 3888 2045 3955 valle
2089 3887 2386 3951 miseriae.

1506 4105 1711 4189 Audi,
1756 4104 1950 4189 Jesn,
1992 4125 2098 4169 me
2141 4106 2522 4171 clamantem

1507 4220 1574 4277 et
1618 4212 1839 4296 aspice
1883 4212 2321 4277 lacrimantem

1593 4325 2007 4401 peccatorem
2051 4318 2381 4399 miserum,

1507 4421 1617 4502 qui
1661 4420 1831 4486 hunc
1872 4420 2173 4485 mundum
2216 4423 2560 4507 respexisti

1506 4530 1575 4586 et
1617 4524 1842 4587 venire
1888 4524 2148 4589 voluisti

1591 4627 1861 4708 virginis
1901 4629 1969 4692 in
2011 4636 2273 4695 uterum.

2635 281 2770 347 ³⁸7

2637 880 2764 944 305

2638 1506 2766 1568 310

2637 2124 2763 2186 315

2637 2744 2770 2809 320

2627 3372 2762 3435 325

2630 3885 2756 3948 330

2617 4525 2746 4588 335
