3159 5259
420 484 577 542 nato
620 473 807 539 nobis
849 474 1127 558 parvulo
1634 479 1676 542 5
1777 475 1837 543 0
1879 485 2184 561 pastores
2227 478 2500 561 currite,

508 597 593 643 ex
635 577 890 661 virgine
932 578 1164 645 Maria.
1779 600 2051 664 gregem
2096 589 2385 648 vestrum
2421 583 2610 648 sinite
2625 631 2643 666 ‚

1780 684 1971 748 deum
2015 702 2241 749 verum
2286 687 2552 751 cernite.
2644 707 2788 754 eum
2832 690 3020 774 virg.

417 756 578 827 Flos
620 759 687 824 in
733 777 850 826 suo
900 760 1110 825 rivulo

416 861 707 930 nascitur
748 882 872 950 pro
918 864 1200 949 populo,
1780 847 1954 913 Puer
1997 846 2507 933 circumciditur,
2966 854 3060 919 25
3155 947 3159 956 .

416 964 631 1032 fracto
674 967 898 1031 mortis
941 966 1218 1031 vinculo.
1308 984 1393 1029 ex
1435 963 1606 1049 virg.
1783 951 2048 1035 sanguis
2094 952 2237 1036 ejus
2280 949 2601 1036 funditur,

1782 1074 2013 1121 nomen
2057 1051 2287 1122 Ihesus
2331 1058 2608 1142 ponitur.
2696 1075 2737 1123 a
2780 1057 2961 1142 virg.

417 1139 633 1209 Stella
676 1143 878 1208 solem
923 1144 1213 1228 protulit,
1593 1143 1675 1208 10

418 1243 522 1309 sol
566 1243 838 1310 salutem
883 1246 1152 1311 contulit
1168 1293 1187 1328 5
1781 1217 2004 1304 Reges
2048 1229 2184 1285 tres
2229 1217 2312 1285 de
2360 1221 2660 1306 gentibus

416 1346 615 1416 nichil
660 1355 875 1413 tamen
920 1349 1200 1414 abstulit.
1286 1367 1375 1414 ex
1419 1348 1588 1432 virg.
1783 1332 2049 1391 currunt
2094 1343 2237 1390 oum
2280 1325 2678 1411 munerssms,

1781 1429 2057 1495 adorant
2082 1430 2271 1497 flexis
2299 1433 2590 1515 genibus.
2637 1452 2780 1499 oum
2806 1453 2869 1496 V.
2957 1434 3044 1500 30

416 1536 474 1603 0
519 1542 716 1605 beata
757 1542 1025 1624 Femina,

417 1642 605 1727 cujus
648 1645 895 1708 ventris
942 1646 1199 1708 sarcina

416 1745 640 1814 mundi
684 1749 863 1814 levat
909 1750 1189 1814 crimina.
1248 1767 1331 1812 ex
1376 1746 1540 1831 virg.
1592 1746 1673 1809 15

1779 1589 1900 1658 Die
1945 1591 2073 1661 hae
2116 1596 2519 1662 sanctissima

1782 1699 2077 1764 omnibus
2119 1700 2486 1783 gratissima

1778 1803 1978 1888 plena
2019 1803 2210 1871 datur
2253 1806 2483 1888 gratia.
2573 1823 2658 1871 ex
2701 1807 2865 1892 virg.

420 1935 539 2007 Vir
540 1942 690 2025 gine
737 1941 821 2008 de
859 1941 1063 2026 regia,
1779 1964 1884 2034 Ex
1927 1965 2146 2031 divino
2189 1967 2480 2050 flamine,

418 2045 644 2111 Summi
687 2046 865 2128 regis
912 2046 1076 2128 filia,
1777 2086 1909 2134 non
1951 2069 2229 2136 humano
2275 2073 2518 2136 semine
2956 2077 3036 2139 35

418 2146 619 2232 plena
662 2145 851 2212 datur
896 2149 1127 2231 gratia.
1216 2167 1300 2212 ex
1335 2148 1503 2231 virg.
1782 2174 1943 2240 deus
1989 2174 2179 2240 datm.
2221 2176 2496 2241 feminae·
2585 2177 2653 2242 in
2695 2177 2864 2261 virg·

418 2334 495 2402 In
537 2355 841 2422 praesepe
884 2339 1145 2421 ponitur
1777 2339 1882 2408 Illi
1925 2341 2068 2406 laus
2113 2348 2179 2405 et
2221 2341 2464 2425 gloria,

418 2447 488 2505 et
532 2461 573 2504 a
616 2443 821 2507 brutis
868 2444 1191 2524 noscitur,
1588 2440 1675 2505 20
1779 2442 1980 2508 decus
2026 2451 2092 2507 et
2134 2444 2438 2525 victoria,
2955 2493 2968 2506 .

417 2547 640 2612 matris
686 2550 836 2614 velo
880 2545 1139 2631 tegitur.
1229 2567 1270 2611 a
1312 2544 1481 2630 virg.
1779 2544 2016 2628 honor,
2075 2546 2307 2628 virtu8‚
2354 2545 2583 2629 gratia.
2674 2565 2816 2612 cum
2862 2548 3035 2633 virg.

593 2732 689 2788 Hs,
724 2731 827 2786 der
861 2731 1343 2788 Stadtbibliothek
1378 2749 1447 2788 zu
1484 2733 1673 2800 Trier,
1711 2733 1815 2788 No.
1851 2735 1971 2787 724.
2006 2733 2107 2788 mit
2142 2734 2244 2789 der
2280 2731 2551 2800 Melodie,
2589 2734 2656 2785 15
2693 2731 2891 2788 Jahrb.

602 2856 670 2909 15
709 2854 892 2923 lavat,
929 2855 1022 2909 ns.
1038 2897 1051 2923 ,
1089 2869 1212 2909 was
1250 2853 1391 2909 aber
1427 2871 1497 2909 zu
1532 2855 1756 2916 sarcina
1792 2854 1946 2909 nicht
1981 2858 2153 2925 passt.
2223 2855 2294 2907 26
2330 2851 2555 2922 fuditur,
2591 2854 2686 2910 Hs.

597 2940 700 2997 Die
740 2941 1167 3015 jungfrauliehe
1215 2943 1429 3001 Geburt
1476 2942 1690 3000 Christi
1742 2943 1892 2997 vird
1944 2944 2002 2997 in
2055 2942 2263 2998 diesem
2315 2942 2483 2998 Liede
2535 2942 3036 3013 hervorgehoben,
3155 2939 3156 3004 ἰ

416 3030 593 3086 daher
628 3031 731 3087 der
768 3031 1070 3088 Rundreim
1106 3038 1249 3087 stets
1284 3029 1392 3087 auf
1419 3030 1600 3090 Maria
1635 3031 1775 3103 geht
1808 3029 1920 3084 und
1956 3030 2131 3085 durch
2164 3029 2564 3085 verschiedene
2591 3030 3034 3100 Prfipositionen
3155 3057 3156 3068 κ

417 3119 518 3175 mit
555 3118 679 3174 dem
718 3121 893 3175 Texte
927 3120 1252 3176 verbunden
1291 3120 1383 3175 ist.

598 3242 663 3297 V.
704 3245 748 3297 1.
819 3244 881 3298 In
927 3244 1104 3299 verbo
1141 3243 1486 3314 inviolabili,
1535 3259 1648 3299 non
1686 3249 1952 3313 separato
1989 3258 2026 3298 a
2062 3257 2230 3297 carne
2265 3241 2547 3314 passibili,
2602 3243 2894 3315 particeps
2931 3260 3036 3318 per

418 3329 609 3385 omnia
646 3329 1002 3400 intelligatur
1036 3337 1094 3386 et
1130 3332 1310 3387 deitas
1347 3332 1536 3387 carnis
1573 3336 1633 3386 et
1668 3345 1805 3386 caro
1840 3329 2080 3386 deitatis,
2133 3332 2287 3386 Leon.
2322 3345 2387 3384 m.
2423 3343 2584 3385 serm.
2621 3331 2706 3397 46,
2742 3333 2791 3384 2.

593 3418 660 3472 V.
695 3420 744 3472 6.
798 3420 1055 3475 Christus
1090 3429 1255 3478 natus
1290 3439 1361 3476 ex
1393 3422 1621 3493 virgine
1656 3421 1998 3476 violatorem
2032 3423 2286 3476 humanm
2312 3418 2644 3490 propaginis
2680 3419 3035 3490 (diabolum)

426 3503 759 3576 incorrupta
793 3507 1090 3561 nativitate
1128 3509 1425 3564 damnavit.
1495 3510 1654 3564 Lem
1688 3524 1756 3563 m.
1793 3523 1955 3563 serm.
1987 3511 2076 3577 22,
2113 3512 2160 3562 1.

592 3592 657 3646 V.
698 3594 780 3646 16.
819 3594 898 3647 17.
952 3595 1127 3665 regia.
1192 3598 1277 3651 Da
1313 3597 1498 3652 dieser
1532 3597 1745 3651 Namen
1783 3594 1872 3651 oft
1907 3597 2228 3652 vorkommt
2264 3594 2453 3650 sowol
2487 3609 2690 3665 wegen
2725 3594 2884 3649 ihrer
2919 3595 3033 3652 Ab·

414 3684 734 3751 stammung
771 3679 860 3735 als
898 3681 1043 3735 auch
1079 3682 1234 3737 ihrer
1260 3683 1626 3756 Verbindung
1660 3684 1760 3739 mit
1797 3684 2073 3753 Christus,
2110 3700 2176 3739 so
2213 3682 2338 3737 will
2374 3683 2464 3737 ich
2491 3682 2616 3736 eine
2643 3681 3031 3738 ausffihrliche

415 3767 596 3823 Stella
635 3786 734 3823 zur
768 3768 1092 3842 Erkliirung
1127 3771 1437 3826 hersetzen.
1509 3771 1808 3845 βασίλισσα
1844 3775 2095 3842 πέφυκας
2147 3771 2240 3826 τὸν
2281 3771 2507 3844 βασιλέα
2556 3768 2740 3846 κύριον
2775 3770 3026 3840 τεκοῦσα,

413 3854 508 3911 τὸν
543 3854 877 3914 διαλύσαντα
897 3856 1090 3915 Ἅιδου
1124 3857 1191 3914 τὰ
1228 3859 1493 3931 βασίλεια,
1530 3854 1593 3913 ὅν
1629 3856 1872 3915 δυσώπει
1901 3857 1995 3930 τῆς
2035 3856 2143 3914 ἄνω
2172 3858 2453 3932 βασιλείας
2489 3854 2736 3922 ἅπαντας
2773 3855 3028 3926 ἀξιῶσαι.

410 3944 521 4002 Jul.
556 3947 641 3999 27.

592 4034 657 4089 V.
694 4037 778 4088 35.
840 4035 988 4088 Deus
1026 4034 1134 4088 sibi
1170 4034 1445 4088 hominem
1483 4033 1604 4088 sine
1642 4034 1848 4090 semine
1887 4038 2154 4104 operatus
2193 4039 2307 4101 est,
2372 4033 2467 4102 qui
2504 4032 2559 4087 in
2598 4049 2784 4089 rerum
2821 4043 3024 4093 natura

408 4122 530 4180 sine
571 4125 873 4181 seminibus
912 4130 1182 4195 operatur
1218 4130 1276 4178 et
1312 4124 1539 4179 semina.
1612 4125 1880 4195 Augustini
1916 4122 2077 4195 epist.
2116 4124 2235 4189 137,
2274 4121 2355 4174 10.

998 4429 1119 4501 51.
1199 4430 1315 4501 De
1359 4431 1714 4503 nativitate
1759 4427 2043 4500 domini.
2122 4423 2439 4526 hymnus.

403 4613 731 4700 Apparuit
781 4616 1144 4698 benignitas
1765 4633 1850 4680 ex
1894 4614 2164 4678 caritate
2207 4612 2401 4678 nimia

402 4718 511 4786 dei
554 4737 675 4785 neo
719 4735 849 4785 non
894 4717 1254 4784 humanitas
1763 4717 1851 4786 ad
1892 4734 2013 4783 nos
2060 4724 2251 4801 atque
2296 4715 2596 4801 gratuita.
