3159 5259
1073 649 1249 723 201.
1319 646 1437 719 De
1487 668 1787 743 corpore
1843 639 2128 715 Christi.

650 856 1193 953 responsorium.

287 986 346 1077 0
390 1007 739 1077 salvatoris
782 1026 1023 1091 magua
1069 1005 1428 1087 clementia,

283 1136 416 1184 nec
455 1117 663 1182 minus
705 1117 873 1181 mira
914 1114 1060 1200 ejus
1104 1114 1429 1198 potentia,

287 1217 481 1302 panis
526 1225 593 1281 et
635 1216 771 1280 vini
812 1236 995 1279 mera
1045 1216 1329 1279 essentia

288 1319 507 1387 carnis
552 1337 689 1384 suae
734 1318 808 1383 fit
851 1338 1013 1381 vera
1056 1318 1433 1383 substantia.

786 1508 1054 1558 ver-3118.

288 1638 472 1705 Talis
520 1635 718 1701 edulii
763 1635 1108 1718 degustata
1153 1633 1441 1699 suavitas
1506 1634 1544 1695 5

288 1746 568 1827 probat,
613 1760 778 1823 erga
822 1757 944 1804 nos
991 1738 1135 1823 ejus
1182 1745 1422 1821 quanta
1465 1737 1550 1801 sit

984 1843 1260 1908 bonitas.
1304 1841 1517 1908 Panis,

521 2008 871 2106 evanqelii
918 2010 1319 2106 antiphona.

291 2150 523 2223 Gaude
566 2156 726 2223 felix
768 2166 976 2221 mater
1020 2158 1332 2240 ecclesia,

288 2277 488 2325 novae
532 2259 745 2324 laudis
791 2277 998 2342 agens
1041 2260 1337 2324 solennia
1357 2309 1375 2344 ,

290 2367 436 2428 tota
477 2361 710 2427 mentis
754 2361 994 2446 plaude
1031 2362 1289 2447 laetitia,

290 2464 726 2550 redemptoris
769 2466 1042 2531 laudans
1070 2466 1417 2550 magnalia,
1468 2467 1547 2533 10

286 2567 461 2637 inter
502 2585 654 2649 quae
698 2574 930 2633 cuncta
991 2568 1140 2652 plus
1187 2568 1549 2655 considera,

288 2668 458 2739 inira
501 2686 648 2750 quae
691 2667 847 2736 fecit
880 2671 948 2735 in
993 2689 1181 2736 coena
1224 2687 1444 2756 opera.

683 2861 1176 2934 invitatorium.

292 3007 553 3078 Assunt
598 3009 936 3075 dominicae

292 3130 539 3179 mensae
585 3113 836 3179 deliciae
852 3163 869 3198 ‚

293 3216 612 3300 plaudunt
655 3220 955 3285 ecclesiae
1468 3223 1497 3282 1
1510 3223 1548 3284 5

290 3327 494 3384 eantu
535 3321 798 3386 laetitiae.

541 3488 619 3559 ἰη
663 3489 894 3584 primo
941 3502 1299 3564 nocturno.

293 3639 371 3705 R.
414 3637 696 3707 Mundos
731 3657 978 3705 vocans
1008 3642 1091 3705 ad
1121 3660 1273 3708 suas
1302 3645 1549 3728 epulas,

410 3743 580 3808 hora
624 3762 831 3809 coenae
871 3743 1200 3810 detestans
1229 3748 1550 3833 crapulae,

400 3862 585 3910 suam
597 3845 794 3911 ‚Iesus
814 3845 924 3911 dat
944 3864 1204 3917 carnem
1218 3850 1549 3934 ferculum,

516 3967 811 4014 cruorem
847 3951 1166 4034 poculum.
1464 3957 1548 4021 20

305 4088 372 4156 V.
415 4086 630 4171 Digna
676 4106 834 4152 sane
878 4096 946 4153 et
978 4091 1216 4158 munda

419 4190 560 4254 vita
601 4191 979 4274 requiritur,

416 4292 530 4355 ubi
571 4312 727 4358 esca
771 4300 901 4357 tam
947 4301 1171 4361 sancta

298 4410 305 4413 “
417 4393 638 4458 mandi
679 4399 1074 4482 praecipitur.
1157 4397 1373 4464 Suam.

292 4531 371 4598 R.
414 4529 585 4595 Data
601 4531 837 4596 mundo
850 4553 973 4616 pro
986 4537 1204 4601 mundi
1219 4538 1432 4620 gloria
1461 4540 1545 4603 25

400 4634 571 4700 mira
596 4641 744 4700 sunt
774 4632 1016 4700 Christi
1040 4639 1390 4725 beneficia,

1760 848 2043 925 moi-hm,
2089 849 2363 907 mortem
2391 850 2459 907 et
2485 843 2644 907 vitia

1762 951 1947 1034 fugat
1984 955 2239 1031 sumpta
2266 947 2674 1012 eucharistia.

1662 1112 1723 1176 V.
1770 1109 1988 1177 Vitam
2024 1108 2222 1192 justis
2267 1105 2522 1173 confert
2566 1104 2870 1188 edulium,

1761 1212 1948 1276 malis
2009 1217 2283 1274 mortem
2351 1207 2605 1272 confert
2670 1214 2737 1271 et
2789 1206 2924 1290 ju-

2183 1312 2432 1377 dicium.
2479 1311 2765 1376 Morbos,
2818 1313 2916 1375 30

1651 1489 1723 1552 R.
1768 1485 2056 1552 Verbum
2084 1487 2240 1550 vitae
2267 1486 2578 1548 immensa
2601 1484 2918 1565 loquitur,

1769 1610 1809 1654 a
1853 1609 1926 1653 se
1970 1591 2114 1674 ipso
2153 1590 2337 1673 panis
2383 1588 2753 1669 conficitur,

1766 1693 2100 1758 confectus
2145 1695 2240 1758 sic
2283 1693 2525 1758 Jhesus
2571 1692 2862 1774 sumitur,

1871 1799 2047 1860 salus
2091 1796 2241 1861 hinc
2287 1796 2590 1859 nascitur.

1665 1953 1726 2018 V.
1771 1952 1934 2019 Post
1988 1954 2054 2017 in
2099 1960 2371 2017 mortem
2427 1972 2470 2017 a
2523 1952 2729 2017 fratre
2771 1956 2928 2015 tra-

2340 2053 2510 2118 ditus
2827 2055 2916 2115 35

1769 2176 2045 2240 surgens
2107 2157 2270 2221 vivit
2324 2156 2567 2220 illaesus
2632 2157 2918 2240 penitus,

2355 2258 2567 2325 Salus.

1655 2416 1726 2481 R.
1773 2412 2188 2497 Paupertatis
2229 2411 2541 2478 incedens
2586 2412 2817 2476 semita

1768 2526 1836 2581 et
1880 2524 2114 2582 cuncta
2155 2515 2376 2581 mundi
2404 2517 2735 2581 detestans
2780 2515 2920 2579 cri-

2337 2625 2508 2688 mina

1770 2724 2004 2808 dignus
2050 2734 2150 2790 est
2193 2726 2320 2790 frui
2365 2727 2604 2792 Christi
2647 2725 2882 2808 hostia,

1769 2830 1938 2892 inter
1982 2829 2119 2911 poli
2153 2828 2469 2894 locandus
2499 2829 2774 2913 agmina.
2821 2830 2920 2892 40

1668 2985 1730 3049 V.
1779 2983 1988 3047 Nocte
2034 3002 2243 3065 agnus
2285 2984 2522 3066 legalis
2568 2984 2914 3065 manditur,

1768 3090 1998 3154 umbra
2040 3088 2252 3173 culpae
2293 3089 2533 3154 Christi
2578 3093 2722 3155 luce
2765 3091 2918 3174 pel·

2312 3196 2481 3262 litur.
2537 3198 2730 3263 Inter.

1858 3393 1934 3463 in
1984 3393 2294 3463 secundo
2342 3401 2706 3465 nocturno.

1660 3543 1733 3607 R.
1778 3540 1973 3607 Panis
2019 3542 2423 3608 descendens
2469 3545 2721 3609 coelitus

1867 3646 2099 3709 mentis
2150 3648 2414 3731 supplet
2455 3648 2740 3733 inopiam

1775 3749 2102 3832 vitamque
2146 3751 2430 3816 reddens
2474 3756 2732 3837 penitus
2825 3756 2918 3820 45.

1870 3854 1983 3919 dat
2026 3856 2383 3939 gratiarum
2428 3859 2700 3943 copiam.

1668 3992 1732 4058 V.
1780 3990 1990 4075 Signo
2038 3996 2251 4059 crucis
2297 3996 2378 4061 de
2416 3999 2604 4081 panis
2640 4000 2912 4065 materia

1769 4097 2008 4162 virtute
2079 4100 2269 4168 verbi
2353 4100 2427 4165 fit
2499 4102 2910 4171 eucharistia.

2358 4203 2593 4271 Vitam.

1657 4342 1730 4406 R.
1779 4339 2062 4407 Granum
2107 4341 2349 4407 florens
2393 4344 2461 4408 iu
2505 4346 2703 4410 fertili

1771 4462 1936 4525 agro
1980 4447 2227 4509 ventris
2271 4448 2588 4532 virginei,
2825 4451 2910 4515 50

1769 4563 1961 4609 sacro
2009 4555 2216 4611 satum
2259 4551 2607 4633 spiramine
2627 4598 2644 4633 ‚

1763 4656 2173 4730 penetratum
2221 4657 2636 4739 gravamine,
