3159 5259
403 452 472 508 V.
509 451 578 506 13
594 451 760 506 —20.
814 449 1069 521 Chryso-d.
1103 449 1180 505 ad
1214 447 1374 504 mum
1411 453 1519 506 cat.
1551 454 1606 522 2,
1639 454 1690 507 2.
1741 452 1881 527 μετὰ
1910 451 2008 523 τὴν
2043 460 2204 529 χεῖρα
2244 455 2336 511 καὶ
2371 454 2466 525 τὴν
2501 456 2766 530 γλωσσαν
2796 453 2835 528 ἦ

225 540 429 615 καρδία
467 538 684 607 δέχεται
720 536 784 593 τὸ
819 535 1047 613 φρικτὸν
1081 536 1248 593 ἐκεῖνο
1279 533 1597 613 μυστήριον.
1647 570 1711 580 -
1763 548 1880 603 τοῖς
1916 536 2238 610 ὀφθαλμοῖς
2276 537 2416 614 ὁρᾷς
2449 540 2517 596 τὰ
2554 540 2837 618 ἀπόρῤητα

227 629 319 683 καὶ
355 623 558 700 φρικτὰ
591 622 886 700 μυστήρια.
958 624 1074 679 Der
1108 621 1306 679 Plura]
1339 627 1585 695 mysteria
1618 624 1844 681 bezieht
1890 626 2014 681 sich
2048 623 2158 681 auf
2184 626 2275 682 die
2310 627 2511 683 beiden
2548 628 2839 686 Gestalten

231 713 332 768 des
365 710 722 769 Abendmals.

400 800 467 855 V.
502 800 588 854 29.
632 797 838 854 nebula
875 795 1078 852 cordis.
1129 794 1245 851 Der
1277 794 1415 851 Leib
1450 796 1528 852 ist
1560 797 1877 867 iiber-haupt
1912 797 2036 851 eine
2063 797 2299 868 welhe,
2335 799 2423 854 die
2461 799 2567 854 den
2591 800 2836 856 Anblick

224 887 325 945 des
379 886 696 960 giittlichen
729 885 954 941 Lichtes
990 883 1327 939 verdiistert.
1395 881 1433 955 ἦ
1470 881 1618 959 σὰρξ
1653 880 1728 946 ὦς
1764 883 2154 959 ἐπιπροσθοῦν
2189 883 2254 967 τῇ
2288 884 2447 959 ψυχῇ
2479 888 2679 957 νέφος,
2744 888 2836 942 καὶ

226 998 326 1034 ουκ
362 973 464 1032 ἐῶν
499 971 773 1049 καθαρῶς
810 973 942 1028 ἰδεῖν
974 969 1071 1043 τὴν
1104 974 1272 1028 θεῖσιν
1307 966 1510 1026 ἀκτῖνα.
1582 971 1800 1041 Greqor.
1819 970 1950 1027 Naz.
1985 988 2069 1027 or.
2104 972 2175 1025 39
2211 987 2263 1042 p.
2291 972 2411 1026 628.

403 1062 469 1117 V.
518 1063 604 1117 65.
639 1062 724 1116 66.
804 1057 1227 1116 Adveniendum
1279 1063 1371 1115 est
1421 1058 1480 1113 in
1534 1058 1858 1128 ecclesiam,
1922 1059 2157 1113 canendi
2209 1059 2429 1130 hymni,
2495 1059 2834 1117 celebranda

227 1149 464 1207 oblatio.
519 1152 653 1204 tunc
698 1146 891 1217 utique
945 1148 1181 1217 paratus
1229 1142 1471 1212 adsiste,
1522 1148 1589 1200 nt
1623 1144 1758 1199 edas
1795 1160 2003 1215 corpus
2040 1144 2249 1202 domini
2283 1146 2448 1215 Jesu‚
2504 1145 2562 1201 in
2598 1162 2709 1217 quo
2744 1163 2835 1203 re-

223 1237 419 1293 missio
456 1239 820 1307 peccatorum
858 1236 963 1300 est,
999 1228 1313 1303 postulatio
1349 1230 1557 1285 divinoe
1586 1230 2065 1286 reconciliationis
2103 1235 2161 1287 et
2187 1231 2558 1303 protectionis
2591 1239 2836 1290 aeternae.

224 1325 459 1381 AmbroS.
495 1322 552 1376 in
587 1336 670 1392 ps.
707 1318 830 1390 118,
867 1318 901 1374 8
936 1320 970 1386 S
1005 1318 1090 1373 48.

887 1648 895 1654 ·
979 1598 1154 1675 234.
1229 1597 1485 1672 Oratio
1537 1608 1701 1669 ante
1752 1598 2054 1668 missam.

223 1799 278 1865 0
322 1800 783 1883 benignissime
801 1847 821 1881 ,
1580 1799 1749 1862 sicut
1792 1796 2141 1880 respexisti

221 1902 434 1970 Jhesu
477 1901 739 1966 Christe
785 1900 1059 1984 domine,
1317 1927 1322 1933 ·
1578 1900 1844 1968 Petrum
1885 1900 1953 1964 in
1999 1900 2193 1984 atrio,

219 2021 343 2065 rex
388 2008 654 2083 aeterne,
699 2000 956 2084 respice
1579 2004 2405 2089 MariamMagdalenamin
2426 2008 2725 2073 convivio
2749 2009 2828 2073 10

220 2122 420 2187 super
463 2122 565 2167 me
610 2102 912 2167 miserum
1577 2115 1648 2173 et
1686 2109 2005 2172 latronem
2040 2107 2106 2171 in
2136 2108 2345 2173 crucis
2372 2108 2696 2192 patibu103

218 2212 637 2290 peccatorem
679 2204 988 2269 famulum
1430 2204 1471 2266 5
1574 2216 1651 2275 ut
1691 2226 1837 2274 cum
1881 2207 2080 2275 Petro
2122 2218 2398 2292 peccata
2441 2208 2747 2293 defleam,

220 2309 425 2374 oculis
471 2307 780 2392 piissimae
1576 2328 1723 2375 cum
1764 2309 1979 2374 Maria
2020 2310 2314 2392 perfecte
2358 2317 2427 2374 te
2470 2310 2755 2393 diligam,

217 2410 682 2477 misericordiae
724 2418 887 2492 tuae,
1290 2476 1296 2482 ,
1576 2430 1724 2479 cum
1739 2411 1992 2476 latrone
2018 2412 2085 2476 in
2110 2412 2419 2497 paradiso
2446 2421 2511 2478 te
2549 2412 2826 2480 videam.

394 2592 782 2649 Reiehenauer
816 2591 1072 2664 Pap-Hs.
1106 2592 1213 2648 No.
1250 2592 1371 2647 156.
1410 2593 1479 2646 15
1514 2590 1711 2648 Jahrh.
1756 2606 1829 2646 zu
1863 2590 2192 2648 Karlsruhe.

395 2717 431 2769 5
468 2712 598 2771 fam.
635 2719 788 2771 tuum
822 2717 918 2771 Hs.
988 2714 1075 2770 Da
1120 2714 1179 2769 in
1226 2713 1328 2771 der
1363 2714 1460 2769 Hs.
1509 2712 1611 2768 (las
1645 2713 1782 2769 Lied
1827 2713 1887 2767 in
1922 2713 2013 2767 ein
2048 2713 2227 2770 Gebet
2261 2711 2552 2787 aufgeliist
2590 2714 2694 2784 ist,
2757 2729 2826 2771 so

217 2804 344 2860 sind
381 2805 593 2859 12-14
627 2820 695 2859 so
731 2802 1084 2873 interpolirt:
1147 2806 1207 2858 et
1241 2801 1486 2857 concede
1520 2800 1717 2869 michi,
1753 2804 1819 2855 ut
1852 2815 1976 2854 cum
2010 2799 2184 2856 beato
2220 2801 2394 2857 Petro
2431 2805 2669 2873 peccata
2701 2816 2828 2856 mea

221 2891 392 2963 digne
428 2886 662 2944 defleam
680 2929 695 2958 ,
732 2894 793 2944 et
827 2902 952 2943 cum
987 2888 1168 2943 Maria
1201 2886 1542 2959 magdalena
1574 2883 1829 2957 perfecte
1864 2892 1921 2942 te
1958 2886 2219 2958 diligam,
2256 2892 2316 2943 et
2351 2902 2476 2942 cum
2508 2887 2734 2944 latrone
2769 2886 2828 2943 in

217 2976 490 3053 paradiso
527 2974 747 3032 coelesti
781 2974 1131 3029 aeternaliter
1168 2977 1225 3030 te
1261 2972 1497 3029 videam.

394 3099 562 3157 Diese
587 3096 1008 3169 Vorberoitung
1039 3111 1141 3151 zur
1164 3094 1350 3154 Messe
1383 3095 1520 3151 heht
1554 3093 1644 3150 die
1678 3092 1832 3149 Rene
1868 3094 1967 3148 des
1994 3092 2244 3151 Siinders
2279 3093 2505 3162 hervor,
2543 3092 2634 3148 «lie
2668 3092 2825 3148 alten

218 3187 514 3261 umgien
566 3186 679 3242 und
725 3183 1035 3257 Predigten
1086 3184 1403 3254 verlangen
1451 3181 1598 3238 (ἱππ
1649 3180 1739 3235 die
1792 3182 2169 3250 Aussfihnung
2221 3179 2321 3234 mit
2375 3179 2498 3233 dem
2542 3178 2828 3234 Niobam

216 3277 365 3333 nach
400 3277 524 3331 dem
560 3273 744 3331 Gebot
778 3271 994 3329 Christi
1029 3271 1255 3342 (matth.
1291 3272 1344 3341 5,
1379 3271 1466 3325 23.
1501 3271 1608 3339 24)
1627 3309 1642 3339 ,
1676 3267 1814 3322 weil
1851 3266 1941 3323 (lie
1976 3266 2162 3321 Messe
2197 3265 2288 3319 ein
2323 3262 2501 3336 Opfer
2538 3264 2637 3321 des
2671 3265 2828 3321 Frie-

220 3365 359 3420 dens
396 3362 509 3419 und
547 3361 648 3416 der
683 3359 1061 3430 Versiihnung
1093 3358 1196 3413 mit
1229 3356 1366 3414 Gott
1399 3356 1478 3412 ist
1512 3355 1745 3426 (Ephes.
1779 3357 1833 3424 2,
1871 3356 1965 3409 14.-
1989 3354 2107 3421 15).
2161 3353 2411 3424 Cltryoosl.
2446 3353 2635 3409 homil.
2660 3355 2749 3423 20,
2778 3356 2825 3407 1.

220 3450 300 3514 nic
335 3450 430 3507 τὸν
463 3445 802 3525 πορνεύονται
837 3449 930 3502 καὶ
971 3444 1067 3502 τὸν
1099 3441 1529 3520 βλασφημοῦκτα
1575 3440 1864 3517 ἀμήχανον
1897 3448 2189 3514 μετασχεῖν
2222 3439 2322 3513 τῆς
2358 3440 2511 3517 ἱερᾶς
2540 3444 2826 3517 τραπέζης,

218 3536 362 3595 οὕτω
396 3535 493 3593 τὸν
528 3534 746 3612 ἐχθρὸν
780 3538 979 3605 ἔχοντα
1012 3537 1106 3589 καὶ
1137 3529 1568 3606 μνησικακοῦντα
1604 3526 1876 3587 ἀδύνατον
1910 3526 2226 3586 ἀπολαῦσαι
2259 3536 2541 3593 κοινωνίας
2575 3528 2754 3607 ἁγίας.

973 3883 1149 3960 235.
1228 3881 1467 3983 Super
1508 3882 1736 3982 Ryrie
1788 3881 2074 3955 eleison.

213 4087 432 4169 Pater,
452 4096 684 4151 cuncta
702 4087 810 4168 qui
828 4088 1179 4172 gubernas,
1200 4089 1472 4155 eleison!
1568 4086 1920 4169 Utriusque
1965 4103 2220 4151 sacrum
2255 4084 2520 4169 flamen,
2576 4088 2649 4153 el.

212 4189 374 4256 sede
420 4187 655 4254 sedens
700 4190 768 4254 in
811 4191 1136 4274 supernis,
1182 4192 1255 4258 el.
1571 4191 1950 4254 miserorum
1991 4197 2063 4255 tu
2104 4190 2426 4272 solamen,
2472 4190 2543 4256 el.

212 4294 472 4379 plebem
516 4293 628 4376 pio
672 4293 855 4359 vultu
899 4311 1149 4361 cernas.
1223 4294 1297 4362 ol.
1574 4295 1809 4359 trinum
1855 4292 2044 4359 deum
2088 4303 2282 4378 atque
2326 4314 2518 4361 unum

212 4429 270 4497 ο
316 4428 606 4513 christe,
652 4429 962 4513 splendor
1004 4434 1245 4520 patris,
1290 4433 1363 4501 ιι.
1573 4395 1973 4513 ω’ξθῖῗωῑῑΐ,
2131 4499 2145 4513 ,
2738 4401 2820 4464 ²⁰

205 4532 476 4599 intaotae
521 4532 616 4598 fili
657 4533 915 4618 matriS,
960 4535 1032 4601 el.
1426 4534 1467 4599 5
1573 4507 1645 4563 ¹¹¹²
1687 4518 1753 4563 ¹¹¹
1789 4515 1935 4582 ¹P⁸⁰
1979 4498 2346 4595 31⁰¹¹emur·
2438 4499 2510 4591 ⁶?-

199 4657 296 4715 ,ne
340 4637 640 4706 claustris
684 4637 909 4703 demur
952 4636 1130 4705 atris.
1219 4638 1293 4706 el.
