3159 5259
2662 286 2792 352 859

349 467 416 522 V.
455 469 502 520 1.
536 465 896 533 medicamen,
929 458 1124 535 Μ
1157 462 1216 516 in
1252 460 1360 521 den
1392 458 1656 517 men:
1694 460 1943 537 Χριστὸς
1980 463 2242 536 παρέχων
2280 462 2424 521 πᾶσι
2460 464 2529 521 τὰ
2566 466 2791 540 ἰάματα.

177 554 406 610 Januar.
441 551 527 607 Bl.
564 553 647 605 14.
718 550 749 605 ὁ
788 548 975 623 ἰατρὸς
1012 546 1044 605 ὁ
1085 546 1381 620 ἰασόμενοι·
1413 545 1629 623 βροτῶν
1664 547 1760 618 τὴν
1796 546 2120 607 &efferatam
2158 551 2354 607 octob.
2372 555 2457 608 27.
2515 557 2672 610 ἴασαί
2703 575 2793 628 με,

177 639 346 717 κύριε,
380 642 471 695 καὶ
505 636 836 710 ἰαθήσομαι.
890 637 1134 693 Triodion
1168 636 1239 705 X,
1276 639 1325 690 1.
1398 635 1481 691 So
1516 634 1666 690 wird
1701 635 1868 691 Jesus
1904 635 1993 691 als
2029 637 2130 691 der
2168 637 2559 712 barmherzige
2594 641 2793 698 Sama..

176 727 323 784 riter
370 732 646 798 gemunt,
707 726 767 779 in
816 724 1007 795 Bezug
1053 721 1164 778 auf
1203 722 1334 779 Luc.
1375 723 1460 791 10,
1496 724 1580 777 30.
1643 722 1888 777 Veniant
1935 738 2078 794 ergo
2115 724 2190 779 ad
2224 725 2371 780 hunc
2405 742 2627 797 omnes,
2691 730 2790 799 qui

176 814 370 871 sanari
404 812 633 881 volunt,
697 811 980 881 accipiant
1012 808 1499 879 medicamentum,
1554 809 1706 879 quod
1740 814 1801 864 et
1837 826 1873 864 a
1907 816 2072 880 patre
2109 810 2312 868 detulit
2345 817 2404 868 et
2437 816 2790 886 praeparavit

174 902 235 956 in
270 900 424 956 coelo
458 916 527 954 ex
559 899 679 954 illis
716 896 1035 953 confectum
1068 896 1481 952 immortalibus
1518 897 1717 953 succis.
1799 897 2063 969 Magnum
2098 898 2583 968 medicamentum,
2640 902 2792 972 quod

175 1004 290 1044 non
338 986 523 1041 solum
567 985 887 1046 cicatricem
931 984 1145 1039 vetusti
1191 983 1444 1038 vulneris
1493 983 1835 1055 amputavit,
1899 984 2001 1039 sed
2036 984 2207 1040 etiam
2242 1002 2469 1042 causam
2504 990 2791 1060 passionis

174 1072 383 1129 incidit.
455 1072 513 1129 S.
548 1073 780 1128 Ambros.
817 1071 885 1125 de
922 1067 1033 1126 fide
1069 1073 1244 1139 2,11.

350 1160 417 1214 V.
452 1162 502 1215 4.
555 1158 952 1230 tranquillitas.
1023 1157 1619 1230 zusammenhangend
1666 1101 1838 1213 damit
1887 1156 2065 1213 heisst
2102 1158 2362 1215 Christus
2411 1157 2657 1237 ἀρχηγὸς
2689 1162 2790 1235 τῆς

175 1246 420 1321 γαλήνης.
484 1248 628 1303 Nov.
678 1248 760 1301 13.
831 1245 964 1301 Dies
1012 1243 1236 1299 bezieht
1282 1244 1404 1299 sich
1452 1242 1559 1299 auf
1597 1245 1793 1300 matth.
1841 1247 1904 1314 8,
1952 1246 2068 1313 26„
2126 1262 2224 1303 wo
2274 1247 2553 1306 ebeufalls
2589 1250 2792 1326 γαλήνη

175 1336 342 1390 steht.

348 1421 418 1474 V.
459 1423 540 1474 12.
581 1420 769 1475 Daher
806 1418 985 1472 heisst
1020 1417 1277 1473 Christus
1301 1415 1731 1485 ποθεινότατος.
1787 1418 1906 1474 Oct.
1946 1420 2028 1471 11.

352 1508 420 1562 V.
458 1508 525 1560 15
560 1502 657 1577 fig.
711 1505 919 1559 Darum
953 1504 1132 1558 heisst
1168 1503 1269 1558 das
1305 1503 1509 1558 Leiden
1549 1504 1763 1562 Christi
1795 1501 2044 1561 ἑκούσιον
2079 1503 2292 1569 πάθος.
2343 1507 2462 1565 Oct.
2500 1511 2583 1563 19.
2654 1508 2792 1566 Eine

176 1601 315 1669 gnte
352 1593 934 1663 Zusammenstellung
979 1591 1057 1647 ist
1108 1590 1291 1645 diese:
1344 1589 1625 1666 ὑπερβολῇ
1673 1592 2103 1664 φιλανθρωπίας
2158 1590 2340 1648 πάθει
2386 1598 2791 1670 προσωμίλησε,

176 1685 269 1736 καὶ
310 1678 595 1737 &nasetur
630 1688 744 1742 τοῖς
782 1675 1109 1754 ἀνθρώποις
1147 1675 1405 1749 &miram
1456 1677 1575 1735 oct.
1624 1678 1709 1731 20.
1781 1677 1842 1732 In
1878 1678 1988 1732 den
2026 1678 2263 1735 Menfien
2310 1680 2491 1737 heisst
2526 1678 2785 1740 ἆπαθεία

174 1760 363 1839 R‘uhe3
397 1768 621 1841 πηγάζω
658 1767 881 1823 bezieht
918 1766 1038 1821 sich
1074 1762 1180 1820 auf
1207 1765 1295 1820 die
1329 1761 1671 1820 fliessenden
1705 1765 1972 1821 wanden
2006 1766 2237 1837 Christi,
2272 1767 2441 1823 ihnen
2478 1768 2554 1825 ist
2588 1786 2793 1826 unsere

175 1856 335 1911 Ruhe
372 1854 710 1925 entquollen.
780 1853 970 1911 Ueber
1005 1852 1094 1908 die
1129 1851 1404 1928 ὑπερβολὴ
1444 1869 1488 1906 s.
1523 1853 1632 1908 No.
1672 1856 1793 1923 114,
1831 1856 1918 1909 44.

133 1944 145 1956 ’
355 1942 423 1998 V.
457 1944 540 1997 37.
599 1939 743 1996 fons.
799 1939 856 1996 S.
910 1941 1180 2008 Ancyra-stim
1224 1952 1414 1993 sermo
1461 1939 1586 2007 284,
1625 1942 1670 1992 1.
1742 1937 1876 1993 fons
1911 1945 2001 1994 est
2035 1938 2201 2008 vitae,
2264 1940 2502 2010 accede,
2564 1942 2696 1998 bibe
2733 1949 2793 2001 et

173 2029 335 2084 vive:
375 2028 561 2084 lumen
597 2032 713 2096 est,
749 2026 983 2094 accede,
1032 2040 1173 2096 cape
1209 2030 1268 2080 et
1303 2024 1448 2080 vide.
1504 2025 1555 2080 si
1590 2042 1703 2080 non
1737 2022 1936 2081 influat
1970 2026 2088 2096 ille,
2127 2027 2309 2082 siccus
2344 2029 2475 2084 eris.
2550 2031 2791 2087 clement.

175 2119 328 2173 Alex.
378 2115 596 2187 paedag.
646 2117 696 2182 1,
745 2115 793 2168 6.
867 2112 898 2168 ὁ
935 2111 1099 2183 λόγος
1147 2111 1263 2167 ἐστὶ
1310 2108 1456 2187 πηγή
1503 2109 1645 2183 ζωῆς
1692 2110 1956 2186 βρύουσα.
2008 2113 2068 2171 S.
2103 2114 2210 2170 No.
2245 2117 2299 2185 3,
2336 2117 2384 2171 6.
2457 2116 2790 2175 dilectionis.

131 2224 140 2229 ¹
175 2203 420 2259 Dilectio
458 2202 704 2257 carnalis
738 2200 923 2273 magis
957 2215 1117 2255 amor
1155 2199 1267 2254 dici
1301 2199 1483 2267 solet,
1551 2198 1871 2254 dilectionis
1908 2201 2053 2255 enim
2089 2218 2293 2256 nomen
2326 2204 2509 2275 magis
2545 2204 2699 2260 solet
2729 2205 2793 2260 in

173 2288 503 2347 melioribus
540 2289 710 2344 rebus
748 2288 888 2357 dici,
924 2288 981 2341 in
1016 2287 1345 2343 melioribus
1381 2285 1578 2357 accipi.
1651 2289 1914 2359 aufustius.
1950 2288 2007 2342 in
2046 2288 2071 2345 1
2102 2304 2188 2359 ep.
2222 2289 2355 2345 Joh.
2390 2295 2456 2345 tr.
2485 2289 2538 2359 8,
2565 2293 2616 2345 5.

349 2376 417 2432 V.
452 2379 536 2432 45.
592 2372 833 2432 exilium.
902 2375 1085 2431 Homo
1123 2374 1216 2429 dei
1248 2376 1310 2431 in
1348 2374 1578 2431 Christo
1616 2389 1889 2445 nusquam
1925 2374 2055 2429 exul
2072 2414 2087 2444 ,
2152 2375 2210 2430 in
2246 2370 2419 2432 carne
2454 2376 2659 2448 ubique
2694 2394 2793 2451 pe·

176 2466 458 2540 regrinus.
528 2464 588 2521 S.
622 2467 887 2535 Λαμπετίη.
923 2480 1084 2519 serm.
1122 2464 1245 2533 309,
1280 2465 1331 2518 2.
1403 2462 1460 2519 S.
1496 2461 1603 2516 No.
1642 2462 1763 2530 148,
1801 2464 1880 2516 14.
1943 2461 2050 2517 Νο.
2085 2463 2172 2531 76,
2211 2465 2296 2518 17.

352 2552 421 2607 V.
455 2555 537 2607 47.
592 2552 694 2606 Die
733 2552 886 2606 cives
924 2550 1152 2621 superni
1185 2553 1359 2604 neunt
1393 2549 1659 2619 Augu-stin.
1680 2564 1866 2603 sermo
1895 2548 2018 2617 362,
2036 2550 2122 2602 29.
2160 2548 2312 2605 cives
2339 2550 2495 2606 illius
2524 2551 2790 2621 civitatis,

173 2639 421 2696 ndmlich
460 2638 708 2692 coelestis
745 2636 1075 2692 Jerusalem.
1146 2638 1372 2691 Anselmi
1408 2641 1550 2691 orat.
1589 2636 1674 2691 19.
1720 2641 1918 2691 noster
1964 2635 2337 2708 municipatus
2384 2639 2443 2693 in
2492 2637 2654 2694 coelis
2689 2644 2790 2698 est.

178 2726 434 2797 chrysost.
469 2724 660 2780 homil.
698 2726 782 2791 17,
818 2725 867 2776 2.
930 2724 977 2777 εἰ
1011 2721 1330 2797 χριστιανός
1367 2714 1443 2788 εἴ,
1496 2720 1656 2778 πόλιν
1688 2720 1787 2777 οὐκ
1821 2726 1967 2791 ἔχεις
2005 2725 2095 2779 ἐπὶ
2131 2722 2228 2795 τῆς
2263 2724 2381 2801 γῆς.
2445 2723 2542 2797 τῆς
2582 2722 2791 2789 πόλεως

176 2811 334 2886 ἡμῶν
374 2817 610 2881 τεχνίτης
645 2814 736 2865 καὶ
772 2805 1104 2884 δημιουργός
1141 2807 1285 2862 ἐστιν
1321 2806 1351 2861 ὁ
1386 2802 1538 2869 θεός.
1582 2808 1743 2861 Nach
1778 2809 2017 2881 Philipp.
2054 2812 2107 2881 3,
2134 2812 2221 2866 20.

701 3141 873 3216 265.
949 3140 1205 3215 Oratio
1260 3142 1349 3214 ad
1401 3143 1768 3219 Christum
1811 3144 2250 3216 salvatorem.

437 3348 627 3416 Juste
663 3349 873 3433 judex
915 3348 1081 3416 Jesu
1125 3348 1415 3434 Christe,
1459 3370 1689 3432 regum
1732 3370 1851 3414 rex
1897 3359 1962 3414 et
2006 3349 2280 3433 domine,

442 3455 551 3536 qui
595 3472 738 3519 cum
784 3460 977 3538 patre
1021 3473 1263 3536 regnas
1309 3471 1569 3536 semper
1614 3460 1679 3517 et
1724 3472 1866 3518 cum
1911 3462 2137 3518 sancto
2183 3452 2469 3537 flamine,

436 3576 606 3623 nunc
650 3557 938 3640 digneris
981 3574 1217 3641 preces
1261 3574 1440 3621 meas
1487 3556 1839 3621 clementer
1884 3558 2237 3642 suscipere.

437 3717 535 3786 Tu
582 3719 663 3785 de
709 3722 889 3787 coelis
935 3720 1328 3787 descendisti
1369 3722 1643 3804 virginis
1687 3722 1753 3786 in
1797 3728 2047 3788 uterum
2064 3770 2081 3804 ‚

433 3823 606 3889 unde
652 3842 908 3890 sumens
951 3846 1177 3890 veram
1222 3844 1482 3891 carnem
1525 3825 1802 3891 visitasti
1847 3827 2182 3909 saeculum,
2742 3827 2782 3887 5

438 3936 614 3994 tuum
656 3930 909 4013 plasma
952 3926 1331 3994 redimendo
1376 3930 1756 4011 sanguinem
1799 3949 1922 4013 per
1965 3931 2313 4014 proprium.

438 4087 578 4151 Tua
623 4104 864 4168 quaeso,
913 4085 1072 4150 deus
1114 4105 1314 4169 meus),
1363 4088 1653 4169 gloriosa
1695 4091 1916 4171 passio

435 4211 538 4255 me
584 4188 893 4254 defendat
937 4189 1337 4252 incessanter
1374 4192 1457 4253 ab
1503 4191 1676 4254 omni
1719 4193 2050 4274 periculo,

434 4304 507 4360 ut
546 4294 802 4371 valeam
844 4311 1230 4377 permanere
1273 4293 1341 4356 in
1386 4299 1497 4357 tuo
1543 4294 1829 4358 servitio.

434 4454 622 4522 Assit
655 4450 816 4520 'mihi
859 4464 970 4520 tua
1014 4456 1219 4522 virtus
1265 4474 1523 4540 semper
1567 4465 1633 4520 et
1679 4456 2001 4539 defensio,
2703 4459 2784 4524 10

433 4567 712 4627 mentem
754 4578 963 4624 meam
1008 4578 1090 4623 ne
1132 4562 1475 4644 perturbet
1518 4559 1797 4624 hostium
1840 4560 2153 4640 incursio,

436 4683 519 4729 ne
565 4661 902 4729 damnetur
949 4680 1186 4748 corpus
1229 4684 1440 4729 meum
1484 4663 1880 4731 fraudulenti
1914 4664 2169 4746 laqueo.
