3159 5259
2631 329 2724 397 w

263 506 337 562 V.
374 507 427 562 9.
478 505 2721 586 Beusmmnrbmgmssinquodixitonnimprfflthctasmt

92 594 337 667 singula.
395 596 666 666 Angustia.
700 594 1007 667 ingen2,
1047 596 1129 650 13.
1196 596 1680 668 Auqustminw.
1712 596 1966 669 dolah-7,
2000 600 2050 654 8.
2085 602 2720 673 ugtquoh10,1Y.

93 681 223 753 quid
250 687 349 737 est
377 681 687 739 Christus?
734 682 983 750 verbum,
1018 681 1258 753 inquam,
1286 689 1345 739 et
1371 685 1554 740 homo.
1603 685 1736 755 quid
1762 691 1853 742 est
1876 688 2110 743 verbum
2136 693 2197 744 et
2221 689 2430 747 homo?
2465 691 2722 764 verbum,

92 768 278 825 anima
330 773 392 823 et
440 785 594 825 earo.
664 769 825 824 Weil
869 783 938 825 er
983 770 1077 825 ein
1122 770 1564 828 vollkonmener
1610 773 1840 832 Hensch
1885 791 2041 848 war,
2100 779 2260 834 hatte
2308 794 2374 834 er
2407 780 2552 836 auch
2587 780 2714 835 eine

94 855 479 911 menschliche
514 856 700 912 Seele.

267 942 340 997 V.
378 945 430 998 9.
486 944 733 999 verbum.
806 944 889 999 18.
924 946 1007 999 19.
1058 950 1302 1002 renatus.
1372 947 1582 1005 Factus
1630 964 1694 1005 es
1742 964 1849 1021 per
1881 951 2142 1023 verbum,
2196 956 2430 1025 oportet
2462 958 2520 1010 te
2553 950 2718 1011 refici

98 1045 197 1102 per
230 1032 491 1087 verbum.
560 1032 827 1103 Auyustin.
862 1032 922 1087 in
957 1048 1156 1106 evang.
1191 1034 1322 1090 Joh.
1360 1038 1410 1105 1,
1449 1039 1534 1092 12.

10 1115 11 1130 ¹
271 1118 341 1173 V.
381 1121 467 1173 13.
506 1121 588 1174 14.
635 1119 727 1173 Ich
773 1124 928 1175 setze
968 1120 1154 1192 einige
1202 1121 1512 1193 Zeugnisse
1558 1138 1676 1180 von
1724 1124 2130 1196 Zeitgenossen
2177 1121 2310 1198 her,
2361 1128 2580 1183 welche
2616 1129 2718 1184 be-

10 1237 11 1240 =
102 1206 314 1261 weisen
328 1247 343 1277 ,
398 1206 512 1261 wie
561 1206 842 1263 bestimmt
889 1208 1073 1263 dieser
1108 1208 1513 1267 Glaubenssatz
1564 1215 2022 1285 ausgesprochen
2074 1214 2287 1270 wurde.
2358 1216 2618 1287 Auymtin.
2651 1215 2715 1271 in

102 1310 305 1367 evang.
339 1296 471 1352 Joh.
507 1297 560 1364 3,
600 1298 682 1350 12.
717 1298 751 1363 3
788 1296 834 1351 8.
889 1295 1015 1350 duae
1053 1296 1376 1353 nativitates
1414 1297 1625 1355 Christi
1659 1298 2079 1372 intelliguntur,
2127 1318 2240 1357 una
2273 1300 2494 1372 divina,
2529 1303 2717 1360 altera

10 1425 11 1442 2
100 1387 369 1440 humana:
406 1400 533 1453 una,
569 1399 675 1455 per
710 1399 875 1454 quam
909 1381 1287 1454 efficeremur,
1323 1385 1536 1455 altera,
1571 1402 1677 1458 per
1711 1403 1876 1459 quam
1909 1382 2279 1442 reficeremur.
2331 1389 2511 1444 ambae
2545 1390 2718 1445 mira·

10 1473 11 1476 ’
101 1471 271 1542 biles,
336 1470 446 1526 illa
492 1470 612 1525 sine
647 1476 854 1540 matre,
916 1470 1030 1526 ista
1075 1471 1196 1526 sine
1243 1477 1424 1543 patre.
1493 1472 1753 1530 Christus
1789 1490 1903 1530 non
1941 1474 2202 1545 qnaesivit
2236 1474 2348 1530 nisi
2381 1481 2617 1531 matrem
2651 1476 2716 1531 in

102 1563 257 1614 terra
275 1600 293 1628 ‚
329 1557 464 1629 quia
492 1557 616 1631 jam
651 1562 870 1629 patrem
904 1557 1152 1614 habebat
1184 1559 1242 1612 in
1279 1559 1453 1631 caelo;
1523 1566 1691 1616 natus
1728 1576 1797 1616 ex
1832 1561 1969 1631 deo,
2005 1578 2108 1633 per
2141 1578 2306 1634 quem
2341 1559 2715 1634 efficeremur,

99 1654 155 1704 et
188 1654 358 1704 natus
397 1663 467 1702 ex
502 1645 725 1716 femina,
761 1663 868 1719 per
903 1664 1065 1719 quem
1100 1645 1470 1704 reficeremur.
1524 1650 1789 1721 Augen-stin.
1824 1650 1883 1706 in
1910 1665 2108 1721 evang.
2134 1650 2261 1706 Joh.
2287 1653 2340 1719 2,
2370 1651 2452 1705 15.
2513 1651 2714 1707 Novus

99 1736 358 1792 Christus
410 1734 471 1789 in
519 1750 719 1804 carne,
774 1736 874 1791 sed
922 1736 1183 1807 antiquus
1230 1736 1287 1791 in
1336 1737 1644 1793 divinitate.
1697 1740 1959 1810 Auyustm
2008 1738 2068 1792 in
2107 1741 2136 1791 1
2176 1737 2302 1793 soh.
2338 1741 2407 1794 tr.
2442 1740 2495 1807 2,
2531 1737 2580 1794 5.
2648 1738 2712 1795 In

99 1840 205 1879 uno
243 1823 351 1878 dei·
376 1827 546 1893 atque
582 1823 821 1879 hominis
856 1822 978 1880 fflio
1025 1830 1085 1881 et
1118 1825 1239 1880 sine
1284 1831 1464 1882 matre
1502 1826 1685 1883 deitas
1733 1832 1792 1883 et
1838 1828 1959 1884 sine
2010 1831 2176 1898 patre
2222 1830 2348 1881 erat
2380 1824 2718 1881 humanitas.

100 1911 253 1968 Leon.
289 1926 357 1965 m.
394 1925 559 1965 serm.
594 1912 683 1979 28,
718 1915 767 1967 2.

268 1998 336 2054 V.
375 2001 462 2053 15.
513 1998 617 2053 Die
653 1999 889 2055 Henaen
926 1999 1175 2054 driicken
1210 1999 1395 2055 dieses
1432 2016 1501 2057 so
1536 2016 1667 2056 aus:
1716 1998 1949 2065 διπλοῦς
1983 2008 2104 2065 ταῖς
2138 1997 2417 2072 &siricam-
2471 1998 2593 2056 Oct.
2628 1999 2716 2053 16.

100 2080 406 2148 ὡτόσταισις
457 2082 734 2150 σύνθετος
779 2087 838 2143 ἐν
890 2086 1019 2142 δυσὶ
1069 2095 1190 2151 ταῖς
1243 2083 1476 2151 οὐσίαις.
1551 2087 1672 2145 oct.
1708 2089 1791 2143 19.
1861 2087 2089 2152 διπλοῦς
2123 2087 2218 2159 τὴν
2253 2084 2448 2160 φύσιν,
2510 2083 2577 2143 οὐ
2613 2084 2714 2157 τήν

105 2171 425 2236 findernam.
477 2175 621 2231 Nov.
658 2176 743 2230 18.

272 2265 341 2319 V.
381 2266 606 2320 16-20,
660 2265 919 2322 Christus
955 2280 1107 2320 novo
1145 2263 1373 2335 ordine,
1407 2280 1559 2320 nova
1594 2262 1892 2319 nativitate
1929 2268 2246 2337 generatus.
2300 2277 2453 2317 novo
2489 2260 2714 2331 ordine,

100 2354 227 2425 quia
278 2351 585 2407 invisibilis
632 2351 691 2405 in
738 2352 855 2407 suis
901 2350 1141 2407 visibilis
1179 2349 1365 2407 factus
1401 2355 1489 2406 est
1523 2350 1581 2405 in
1608 2351 1850 2421 nostris3
1914 2346 2488 2422 incomprehensibilis
2524 2346 2713 2403 voluit

96 2441 523 2514 comprehendi,
577 2446 708 2496 ante
744 2446 1003 2511 tempora
1034 2456 1263 2495 manens
1300 2457 1425 2495 esse
1462 2439 1635 2511 coepit
1670 2456 1739 2495 ex
1775 2445 2056 2510 tempore,
2112 2435 2495 2491 universitatis
2534 2435 2712 2490 domi-

94 2548 195 2586 m
235 2529 506 2584 servilem
542 2526 801 2595 formam,
835 2527 1171 2582 obumbrata
1204 2528 1523 2602 majestatis
1558 2543 1679 2583 suae
1717 2528 2010 2600 dignitate,
2050 2523 2311 2594 suscepit,
2345 2521 2711 2593 impassibilis

98 2620 235 2675 deus
270 2634 387 2674 non
423 2617 759 2689 dedignatus
797 2621 885 2671 est
920 2617 1091 2673 homo
1126 2632 1252 2671 esse
1288 2616 1594 2688 passibilis,
1631 2623 1691 2673 et
1724 2613 2060 2672 immortalis
2095 2610 2294 2668 mortis
2328 2610 2552 2682 legibus
2580 2611 2714 2666 sub-

89 2707 302 2780 jacere.
339 2721 493 2760 nova
530 2710 717 2760 autem
751 2703 1049 2760 nativitate
1086 2705 1309 2775 genitus
1346 2710 1450 2774 est,
1487 2709 1793 2776 conceptus
1832 2721 1867 2760 a
1904 2703 2144 2774 virgine,
2182 2705 2344 2755 natus
2381 2714 2450 2752 ex
2484 2696 2712 2769 virgine

100 2795 217 2850 sine
255 2795 515 2866 paternae
553 2793 737 2847 carnis
774 2791 1229 2861 concupiscentia
1246 2831 1261 2860 ‚
1302 2791 1423 2846 sine
1458 2797 1728 2847 maternae
1764 2791 2111 2863 integritatis
2154 2786 2377 2862 injuria.
2447 2785 2603 2841 Leon.
2639 2800 2712 2839 m.

95 2897 255 2938 serm.
290 2882 381 2948 22,
418 2882 469 2933 2.
540 2879 719 2934 Adam
754 2883 920 2934 vetus
955 2879 1123 2934 homo
1160 2877 1497 2952 appellatur.
1545 2881 1752 2950 August.
1789 2881 1982 2950 quaest.
2021 2891 2220 2947 evang.
2258 2876 2309 2942 1,
2347 2876 2430 2928 43.

264 2968 330 3025 V.
371 2970 618 3022 17-2-4.
671 2967 773 3023 Die
809 2965 1057 3040 Begriffe
1106 2983 1289 3023 novus
1337 2968 1449 3023 und
1496 2973 1725 3023 renatus
1781 2966 1907 3022 sind
1952 2966 2076 3020 hier
2112 2965 2213 3019 mit
2246 2963 2349 3018 der
2377 2961 2708 3033 jiihrlichen

96 3055 373 3114 restfeier
408 3054 731 3110 verbunden
750 3094 765 3123 ‚
830 3055 1005 3109 daher
1056 3054 1281 3109 heissen
1336 3055 1426 3109 die
1471 3052 1826 3110 Jahresfeste
1876 3053 1968 3108 bei
2016 3052 2124 3106 den
2158 3049 2432 3106 Griechen
2466 3048 2712 3124 ἐμαίνια

96 3144 233 3201 oder
268 3146 629 3217 ἐγκαινισμοί,
664 3142 1078 3199 renovationes.
1130 3143 1256 3198 Dee.
1293 3144 1343 3197 9.
1671 3179 1676 3182 -

262 3230 332 3284 V.
371 3231 455 3285 19.
509 3235 751 3285 renatus.
813 3229 939 3286 ὅλον
974 3230 1030 3285 ἐν
1063 3235 1263 3306 Μαρίᾳ
1299 3225 1625 3293 &ramenta
1660 3228 1754 3285 τὸν
1791 3225 2096 3303 ἄνθρωπον
2131 3221 2392 3302 Χριστός.
2462 3229 2716 3299 νεουργοῖ

96 3319 394 3394 φθαρέντα
429 3337 499 3390 με
534 3315 843 3389 ταττόμενος
879 3317 938 3373 ἐκ
974 3323 1204 3394 Μαρίας
1240 3313 1272 3373 ὅ
1310 3314 1601 3392 λυτρωτής.
1655 3317 1797 3370 NoV.
1837 3318 1919 3370 11.

262 3404 335 3458 V.
369 3407 456 3459 22.
510 3405 825 3476 trophaeum
860 3406 1110 3477 gentium
1129 3446 1143 3475 ,
1199 3405 1301 3460 der
1336 3404 1475 3476 Sieg
1524 3405 1623 3459 des
1660 3403 2105 3460 Christenthmns
2152 3399 2293 3454 iiber
2341 3399 2431 3454 die
2475 3396 2709 3468 Heiden,

94 3492 145 3548 d.
178 3492 231 3546 h.
269 3492 364 3548 die
402 3492 742 3564 Bekehrung
778 3491 1093 3547 derselben.
1165 3493 1279 3547 Zur
1315 3491 1443 3549 Zeit
1476 3491 1660 3546 dieses
1698 3491 1898 3545 Liedes
1946 3503 2143 3544 waren
2178 3485 2305 3542 also
2341 3485 2432 3541 die
2467 3485 2711 3540 Heiden·

93 3581 342 3636 christon
388 3582 567 3636 schon
613 3598 680 3637 so
726 3581 1157 3653 iiberwiegend,
1220 3581 1353 3637 dass
1403 3581 1494 3636 die
1543 3581 1969 3636 Judenchristen
2025 3577 2188 3634 datin
2237 3577 2390 3632 nicht
2423 3574 2581 3629 mehr
2617 3589 2712 3628 er-

92 3671 287 3723 wahnt
305 3668 448 3738 sind,
484 3668 703 3723 welche
721 3672 867 3723 noch
885 3669 943 3722 in
966 3669 1074 3724 den
1091 3669 1329 3726 Liedern
1349 3669 1448 3724 (les
1468 3669 1519 3722 h.
1536 3667 1868 3724 Ambrosius
1885 3667 2264 3723 vorkonunen.
2291 3664 2347 3720 S.
2367 3663 2469 3717 No.
2490 3663 2578 3729 24,
2598 3663 2644 3714 1.
2657 3664 2714 3717 5.

93 3756 436 3827 Trophaeum
470 3755 547 3810 ist
582 3756 672 3811 die
708 3755 1015 3811 kirchliche
1052 3756 1434 3828 Schreibung‚
1485 3756 1704 3810 welche
1740 3755 1940 3810 Daniel
1974 3753 2248 3825 unnothig
2283 3752 2342 3805 in
2371 3750 2466 3806 die
2501 3748 2711 3804 klassi·

94 3844 224 3899 sche
263 3850 543 3913 tropaeum
576 3843 883 3899 veriindert
916 3846 1031 3900 hat.

265 3929 332 3985 V.
364 3932 440 3985 29
455 3962 518 3971 -
533 3933 619 3986 32.
668 3931 850 3987 haben
895 3923 1292 3988 Aehnlichkeit
1338 3932 1439 3988 mit
1486 3931 1588 3990 der
1624 3929 2065 4001 Schlusstrophe
2100 3928 2203 3983 des
2238 3926 2518 3998 Hymnus:
2577 3922 2712 3979 Vox

94 4016 251 4073 clara
288 4032 422 4073 ecce
461 4016 682 4072 intonat
715 4017 810 4073 bei
844 4019 1044 4074 Daniel.
1082 4021 1133 4088 1,
1168 4019 1261 4073 76.

204 4272 326 4346 32.
399 4267 725 4344 Sabbata
786 4271 1130 4344 adventus
1183 4271 1445 4345 domini
1498 4272 1590 4344 ad
1646 4269 2194 4369 completorium.
2277 4264 2598 4366 hymnus.

13 4491 25 4518 .
54 4507 65 4518 ,
96 4439 411 4508 Salvator
453 4441 700 4525 mundi,
751 4441 1035 4527 domine,
1330 4513 1333 4518 .
1453 4441 1709 4509 Adesto
1754 4459 1924 4506 nunc
1966 4436 2284 4523 propitius
2662 4437 2703 4500 5

101 4546 211 4631 qui
254 4563 373 4609 nos
420 4545 689 4609 salvasti
734 4545 958 4628 hodie,
1454 4555 1523 4612 et
1564 4565 1764 4631 parce
1809 4542 2347 4628 supplicantibus,

96 4650 167 4715 in
210 4649 337 4714 hac
379 4657 571 4714 nocte
616 4668 737 4715 nos
778 4657 1057 4734 protego
1360 4711 1363 4714 ,
1454 4658 1525 4715 tu
1569 4649 1717 4713 dele
1760 4657 1984 4714 nostra
2026 4647 2325 4731 crimina,

101 4762 171 4822 et
212 4754 401 4821 salva
445 4756 617 4824 omni
660 4765 975 4842 tempore.
1457 4762 1532 4822 ta
1572 4756 1876 4823 tenebras
1918 4753 2222 4822 illumina.
