3159 5259
378 323 512 389 31⁶

375 506 488 576 Ab
532 509 633 573 his
678 508 972 573 addiscat
1016 508 1290 589 animus,
1614 496 1619 501 ’
1734 499 2021 583 Quisqtle
2063 498 2249 565 festis
2295 500 2664 567 celebribus

378 618 450 676 nt
494 610 722 675 diebus
767 609 1136 674 celebribus
1733 602 1832 667 sic
1874 600 1982 665 dei
2023 609 2218 666 vacat
2250 601 2569 685 laudibus,
2910 606 3001 669 90

380 711 574 803 quies⁸
607 709 750 793 ejus
794 729 914 775 sen
955 710 1155 776 motio
1734 702 1803 767 in
1845 720 1921 769 se
1963 703 2109 787 ipso
2152 702 2261 769 hic
2305 704 2548 788 optime

379 814 599 880 divina
639 813 727 877 sit
768 811 1072 878 laudatio.
1313 852 1316 859 ›
1737 804 1862 871 seit
1903 812 2164 871 sanctos
2209 802 2351 870 dies
2395 807 2638 872 colere.

377 957 477 1025 De
520 957 707 1023 bonis
744 955 885 1040 jam
928 954 1230 1021 exhibitis
1542 952 1631 1016 85
1739 946 1885 1018 Hoc
1927 950 2115 1017 nobis
2159 949 2247 1015 da
2286 951 2642 1036 perficere,

384 1079 503 1127 seu
546 1058 630 1123 de
675 1059 873 1125 futuri
915 1059 1226 1142 temporis
1738 1071 1862 1117 rex
1906 1051 2318 1136 sempiternae
2364 1055 2595 1137 gloriae
2610 1102 2629 1139 ‚

382 1160 606 1229 laudet
651 1159 840 1226 deum
881 1160 1231 1240 vivaciter,
1741 1152 1829 1219 ad
1871 1154 1965 1219 tui
2006 1155 2266 1221 laudem
2310 1159 2583 1224 nominis
2913 1160 3001 1224 95

383 1265 748 1334 mentaliter
765 1311 783 1346 ,
828 1263 1162 1330 vocaliter.
1744 1254 2208 1321 concinendam
2255 1275 2399 1324 cum
2444 1258 2714 1341 angelis.

564 1432 660 1489 Hs.
697 1448 766 1487 zu
800 1428 1113 1486 Karlsruhe
1150 1426 1297 1482 ohne
1332 1422 1598 1478 Nummer
1614 1461 1631 1492 ,
1668 1422 1736 1475 15
1771 1421 1967 1478 Jahrb.
2002 1422 2104 1478 mit
2140 1422 2245 1479 der
2275 1422 2537 1481 melodie.

561 1537 632 1591 59
668 1535 757 1591 dei
791 1531 937 1590 fehlt
970 1533 1030 1587 in
1064 1531 1165 1587 der
1201 1529 1296 1585 ils.
1365 1529 1437 1580 ⁷⁷
1473 1540 1597 1581 cum
1623 1523 1784 1580 fehlt.

562 1638 628 1694 V.
666 1642 714 1694 1.
766 1639 889 1694 dies
925 1636 1183 1693 celebres
1199 1673 1215 1704 ,
1270 1633 1361 1689 die
1396 1632 1667 1704 Festtage
1714 1631 1939 1686 hiessen
1986 1630 2080 1686 bei
2113 1632 2237 1704 ,den
2271 1632 2544 1689 Griechen
2590 1630 2872 1705 πανδήμοι
2906 1637 3002 1689 καὶ

389 1728 532 1805 ἱεραὶ
565 1723 907 1800 πανηγύρεις.
982 1723 1199 1793 Greqor.
1234 1720 1366 1775 Naz.
1400 1734 1485 1775 or.
1522 1719 1591 1771 16
1626 1734 1679 1788 p.
1713 1718 1835 1773 246.

565 1811 634 1868 V.
672 1814 757 1867 1⁰.
810 1809 879 1866 ἄν
914 1807 1174 1885 καθαρὸν
1209 1810 1354 1874 ἔχεις
1387 1803 1451 1859 τὸ
1490 1802 1768 1874 συνειδὸς,
1824 1802 2013 1881 ἑορτὴν
2047 1806 2193 1872 ἔχεις
2229 1802 2323 1860 διὰ
2357 1803 2579 1869 πάντας.
2651 1808 2905 1879 chrysost.
2943 1808 3006 1862 in

389 1898 611 1956 kalend.
646 1901 697 1952 2.

569 1985 634 2041 V.
672 1988 755 2038 17.
804 1986 1024 2058 ⁸justum
1056 1988 1117 2038 et
1151 1981 1488 2037 rationabile
1541 1998 1697 2037 verae
1731 1980 1962 2052 pietatis
1999 1981 2327 2051 obsequium
2362 1988 2478 2055 est,
2533 1984 2591 2037 in
2630 1984 2855 2053 diebus,
2910 1984 3011 2056 qui

391 2073 598 2129 divinae
624 2071 1031 2128 misericordiae
1060 2084 1240 2140 opera
1264 2074 1674 2139 protestantur,
1710 2071 1837 2124 toto
1866 2067 2040 2123 corde
2066 2069 2330 2140 gaudere.
2383 2071 2540 2126 Leon.
2557 2073 2629 2126 M.
2666 2087 2829 2126 serm.
2847 2074 2935 2141 34,
2958 2075 3007 2125 1.

569 2160 634 2216 V.
668 2162 751 2215 21.
786 2162 872 2214 22.
928 2159 1077 2213 Deus
1130 2156 1427 2210 humanum
1473 2171 1576 2211 cor
1622 2154 1889 2225 destruit,
1945 2169 2070 2210 cum
2114 2154 2410 2227 relinquit,
2473 2173 2652 2228 neque
2703 2158 3003 2215 humanam

392 2251 632 2303 mentem
679 2241 1015 2301 debellando
1065 2241 1334 2311 destruit,
1381 2243 1485 2298 sed
1518 2240 1834 2297 recedendo
1848 2280 1864 2311 ,
1919 2241 2051 2312 quia
2084 2242 2159 2299 ad
2192 2242 2564 2314 perditionem
2598 2259 2756 2299 suam
2789 2241 3007 2301 sufficit

393 2336 505 2391 sibi
541 2335 783 2391 dimissa.
855 2333 1073 2404 Greqor.
1103 2332 1170 2387 Μ.
1207 2330 1407 2387 moral.
1444 2333 1530 2401 11,
1565 2332 1616 2385 9.
1654 2333 1737 2385 12.

568 2419 633 2474 V.
681 2421 765 2474 52.
818 2414 1168 2493 Ἰερουσαλὴμ
1184 2457 1201 2484 ,
1260 2415 1394 2488 αὕτη
1439 2419 1586 2473 ἔστιν
1633 2418 1902 2473 Meuia·
1960 2416 2076 2474 ἐστὶ
2111 2415 2220 2492 γὰρ
2259 2415 2294 2489 ἦ
2329 2415 2491 2482 πόλις
2527 2415 2629 2477 τοῦ
2666 2414 2811 2476 θεοῦ
2848 2415 2882 2490 ἦ
2920 2417 3006 2475 ἐκ·

396 2510 616 2580 πλησία,
652 2501 686 2578 ἦ
725 2504 919 2582 ὅρασις
953 2502 1050 2575 τῆς
1086 2503 1324 2581 εἰρήνης·
1389 2504 1446 2561 ἐν
1481 2502 1618 2578 αὐτῇ
1653 2504 1797 2560 ἐστιν
1830 2502 1866 2578 ἦ
1903 2502 2097 2580 εἰρήνη,
2134 2501 2200 2576 ἢν
2234 2502 2437 2580 ἤγαγεν
2470 2501 2624 2578 ἡμῖν·
2695 2510 2803 2582 slya
2840 2506 3007 2578 ἐσμὲν

397 2597 557 2650 τέκνα
595 2591 822 2668 εἰρήνης,
858 2588 1196 2661 πληθύνεται
1230 2594 1322 2646 καὶ
1357 2590 1570 2667 ὁρᾶται.
1647 2591 1886 2663 Oriyenis
1919 2592 2063 2648 hom.
2102 2594 2153 2661 9,
2189 2595 2240 2648 2.

574 2680 640 2737 V.
679 2684 761 2735 71.
814 2681 992 2736 Nemo
1028 2695 1184 2735 suam
1219 2681 1460 2735 animam
1494 2681 1680 2751 videt,
1732 2697 1838 2736 nec
1873 2685 2060 2737 tamen
2094 2680 2341 2752 dubitat,
2396 2697 2459 2736 se
2496 2681 2735 2737 animam
2768 2681 3003 2752 habere,

396 2783 564 2841 quam
609 2784 724 2823 non
771 2767 930 2823 videt
948 2807 963 2837 ,
1027 2784 1096 2823 ex
1130 2767 1403 2822 invisibili
1437 2783 1674 2838 namque
1710 2768 1895 2823 anima
1930 2766 2159 2823 visibile
2196 2768 2417 2840 regitur
2453 2784 2674 2838 corpus.
2728 2769 2780 2823 si
2814 2773 3007 2824 autem

396 2853 713 2925 auferatur,
777 2853 929 2927 quod
962 2858 1053 2909 est
1085 2853 1393 2925 invisibile,
1452 2855 1712 2925 protinus
1749 2853 1967 2909 corruit
2006 2853 2115 2908 hoc
2130 2892 2145 2922 ‚
2209 2855 2361 2924 quod
2395 2854 2618 2909 visibile
2656 2859 2811 2911 stare
2848 2855 3006 2909 vide-

396 2941 581 2998 batur.
631 2959 700 2997 ex
735 2941 1004 2996 invisibili
1040 2958 1182 3014 ergo
1218 2943 1537 2998 substantia
1571 2942 1633 2997 in
1667 2942 1773 2997 hac
1810 2941 1929 2997 vita
1965 2940 2179 2996 visibili
2210 2939 2424 2996 vivitur
2438 2981 2452 3009 ,
2508 2945 2567 2995 et
2599 2956 2725 2996 esse
2762 2939 2883 2997 vita
2917 2941 3003 2995 in-

395 3028 640 3085 visibilis
677 3027 1006 3084 dubitatur?
1076 3029 1297 3100 Greqor.
1346 3030 1417 3084 M.
1453 3028 1643 3084 homil.
1678 3029 1735 3084 in
1771 3043 1858 3082 ev.
1895 3030 1947 3095 1,
1982 3029 2034 3098 2,
2070 3030 2121 3082 ’1.

574 3114 640 3170 V.
674 3117 919 3171 74-76.
975 3131 1214 3171 concors
1250 3117 1514 3187 societas,
1549 3116 1641 3171 die
1676 3111 2089 3172 Gemeinschaft
2124 3114 2226 3170 der
2263 3115 2469 3169 Kirche
2504 3114 2579 3169 im
2612 3114 2848 3170 Himmel
2881 3113 2999 3169 und

399 3200 509 3259 auf
532 3202 736 3259 Erden.
805 3204 867 3257 ln
900 3204 1004 3259 No.
1040 3206 1162 3273 245,
1197 3207 1266 3258 21
1303 3205 1452 3259 wird
1487 3203 1572 3259 sie
1610 3202 1858 3257 coelestis
1897 3201 2202 3258 concordia
2234 3207 2496 3273 genannt.
2550 3202 2612 3258 S.
2648 3201 2738 3255 die
2775 3202 3008 3257 Bemer-

397 3289 623 3360 kungen
677 3306 748 3344 zu
792 3290 899 3345 No.
933 3293 1055 3345 242.
1124 3289 1382 3346 Ecclesia
1416 3295 1568 3359 tota,
1633 3305 1748 3345 non
1782 3289 1966 3346 solum
2000 3305 2071 3343 ex
2107 3292 2295 3359 parte,
2359 3303 2470 3358 qua
2504 3286 2905 3358 peregrinatur
2941 3286 3004 3339 in

399 3378 573 3433 terris
593 3417 607 3445 ,
655 3393 691 3431 a
738 3377 879 3432 solis
925 3384 1057 3434 ortu
1091 3394 1267 3448 usque
1304 3377 1378 3433 ad
1416 3393 1678 3434 occasum
1712 3376 1950 3433 laudans
1984 3391 2188 3432 nomen
2222 3374 2431 3430 domini
2477 3378 2594 3443 (ps.
2630 3376 2751 3442 112,
2786 3375 2884 3442 3),
2949 3375 3013 3428 et

400 3466 537 3534 post
572 3463 956 3532 captivitatem
991 3465 1293 3521 vetustatis
1329 3470 1564 3520 cantans
1603 3463 1879 3519 canticum
1912 3477 2145 3531 novum,
2182 3476 2377 3515 verum
2407 3460 2577 3516 etiam
2614 3475 2684 3515 ex
2719 3458 2839 3527 illa,
2876 3474 3008 3531 quae

401 3548 462 3603 in
499 3548 659 3603 coelis
695 3565 939 3620 semper,
991 3566 1061 3606 ex
1095 3568 1206 3621 quo
1239 3553 1469 3608 condita
1505 3556 1623 3621 est,
1674 3550 1911 3606 cohaesit
1945 3549 2081 3618 deo,
2130 3564 2235 3604 nec
2269 3548 2443 3605 ullum
2476 3547 2682 3602 malum
2717 3547 2806 3601 sui
2842 3562 3012 3601 casus

402 3641 641 3707 experta
676 3642 776 3692 est.
829 3639 951 3693 haec
997 3638 1056 3693 in
1101 3641 1312 3697 sanctis
1360 3639 1585 3712 angelis
1632 3638 1801 3693 beata
1847 3637 2103 3709 persistit
2151 3641 2209 3691 et
2257 3652 2376 3690 suae
2410 3635 2563 3706 parti
2597 3632 3013 3704 peregrinanti,

403 3724 551 3781 sicut
585 3731 846 3797 oportet,
903 3728 1242 3800 opitulatur,
1305 3729 1437 3799 quia
1469 3732 1707 3797 utraque
1743 3741 1856 3781 una
1890 3726 2000 3782 erit
2034 3723 2324 3780 consortio
2362 3721 2724 3788 aeternitatis,
2769 3725 2829 3774 et
2864 3733 3014 3774 nunc

403 3828 518 3868 una
552 3817 641 3870 est
675 3813 902 3871 vinculo
939 3815 1220 3885 caritatis,
1285 3830 1411 3885 quae
1460 3818 1586 3869 tota
1620 3812 1877 3868 instituta
1926 3815 2015 3867 est
2060 3810 2136 3867 ad
2170 3809 2462 3866 colendum
2497 3806 2671 3864 deum.
2742 3807 3014 3876 Angustia.

405 3899 612 3955 enchir.
652 3902 732 3955 15.

584 3985 649 4041 V.
685 3987 756 4043 89
791 3985 886 4060 fig.
940 3989 1361 4045 Sacramentum
1409 3985 1541 4043 festi
1578 3993 1811 4059 oportet
1844 3988 1902 4041 in
1938 3986 2103 4043 nobis
2142 4002 2267 4041 esse
2304 3987 2663 4056 perpetuum,
2718 3980 2871 4051 quod
2906 3981 3018 4034 uti-

406 4088 516 4143 que
551 4073 672 4128 sine
706 4071 816 4130 fine
853 4075 1250 4144 celebrabitur,
1287 4074 1337 4129 si
1371 4075 1431 4129 in
1464 4075 1722 4132 omnibus
1756 4075 1975 4132 actibus
2009 4073 2223 4130 nostris
2260 4069 2513 4127 dominus
2548 4067 2717 4123 Jesus
2751 4066 3017 4123 Christus

411 4166 700 4232 appareat.
772 4163 927 4217 Leon.
962 4177 1026 4216 m.
1072 4162 1160 4231 38,
1196 4163 1244 4216 4.

1113 4340 1286 4415 249.
1354 4341 1445 4412 In
1499 4339 1936 4416 dedicatione
1989 4339 2321 4413 ecclesiae.

413 4488 621 4567 Quam
664 4487 905 4553 dilecta
1765 4492 1971 4571 Quam
2013 4489 2209 4556 electi

412 4590 794 4655 tabernacla
1764 4593 2106 4662 architecti
2990 4592 3037 4655 5

504 4692 744 4761 domini
786 4689 1172 4777 (virtutum)
1216 4699 1285 4759 et
1326 4693 1528 4760 atria!
1853 4703 1997 4765 tuta
2038 4690 2351 4777 aedificia,
