3159 5259
2672 283 2802 350 251

185 457 401 530 ling-uis
436 455 606 524 ΒΕΖ)
642 454 829 527 igneis
864 469 966 509 eos
1002 454 1191 524 (ipsos
1217 454 1311 511 ΕΖ
1345 455 1482 511 illos
1506 456 1584 525 1³¹)
1619 454 1997 515 inflammavit.
2052 463 2122 515 12
2149 461 2308 531 ipsos
2334 463 2448 530 ΑΖ,
2486 479 2589 520 eos
2606 466 2804 525 EFBc.

189 546 259 599 13
313 539 665 613 septiformis
701 541 808 597 Bc.
909 542 978 593 14
1014 540 1086 595 de
1123 556 1234 610 qua
1270 538 1370 596 fiir
1402 557 1578 612 quare
1614 542 1676 598 Β.
1777 548 1847 599 17
1893 547 2219 615 paracletus
2253 549 2315 604 F..
2415 550 2484 605 18
2520 551 2732 623 dIgitus
2765 549 2806 607 f.

187 647 303 687 car.
342 631 453 698 Bc,
491 630 714 685 domum
749 626 789 681 f.
817 628 946 683 don.
971 628 1031 682 Ζ.
1103 629 1174 682 19
1210 629 1421 685 caritas
1457 626 1495 683 f.
1521 644 1645 684 unc.
1681 630 1788 700 Bo,
1823 631 1927 686 der
1953 633 2099 689 Vers
2127 631 2271 690 fehlt
2286 638 2350 690 A.
2421 638 2495 691 20
2522 639 2712 709 gratia
2736 640 2805 710 R,

186 719 392 774 beatus
433 713 777 771 fivoc.AZ.
849 716 1042 769 221ne
1079 714 1156 784 Β,
1201 719 1495 786 eter.A,
1541 717 2047 787 abemfflz,
2086 722 2460 780 exmaLBG.
2530 725 2804 781 23michi

186 820 304 860 non
341 804 403 858 Β.
473 804 547 856 24
582 801 685 857 sed
720 805 867 872 prot.
903 805 1050 857 nutr.
1087 798 1202 856 fov.
1238 802 1303 870 B,
1339 807 1486 858 nutr.
1524 802 1642 860 fov.
1673 805 1732 861 G.
1787 805 1845 859 in
1872 806 2058 863 ΑΕΒΖ
2094 809 2247 864 steht
2279 811 2351 863 24
2385 826 2458 864 an
2494 810 2593 866 der
2620 812 2801 870 soene

187 905 303 947 von
336 892 437 958 23,
473 889 589 945 und
623 888 810 943 dieser
844 888 922 944 ist
951 891 1055 957 24,
1115 891 1195 945 A:
1242 895 1388 945 nutr.
1436 894 1497 946 et
1544 888 1660 946 fov.
1708 898 1858 963 prot.
1904 910 1952 948 s.
2001 893 2073 948 al.
2126 894 2201 949 E:
2249 895 2352 950 oed
2396 902 2545 965 prot.
2595 895 2709 956 fluv.
2742 915 2797 955 n.

187 977 307 1034 FZ:
362 982 510 1049 prot.
546 982 606 1032 et
640 981 786 1032 nutr.
815 981 897 1045 ot,
915 974 1030 1032 ἔον.
1109 978 1355 1033 25-28
1384 974 1582 1033 fehlen
1617 979 1682 1035 R.
1777 983 1849 1035 25
1907 996 1994 1035 me
2028 980 2092 1037 Β.
2188 981 2261 1035 26
2296 996 2531 1053 gressus
2567 990 2803 1043 nostros

185 1078 396 1135 regere
431 1067 491 1119 et
524 1064 604 1118 in.
644 1062 905 1131 GAEFz;
968 1078 1036 1119 ac
1070 1064 1152 1120 ill.
1189 1064 1252 1121 Β.
1341 1068 1414 1119 27
1448 1067 1587 1122 deus
1620 1064 1660 1122 f.
1688 1068 1814 1140 jud.
1850 1069 1972 1139 GD,
2039 1069 2294 1125 dominns
2328 1073 2405 1140 A,
2466 1071 2723 1127 mundum
2760 1070 2803 1127 f.

186 1166 333 1207 omn.
368 1149 433 1206 Β.
514 1151 586 1205 28
622 1166 709 1204 me
743 1150 788 1204 B
809 1191 824 1219 ,
890 1152 1186 1221 appellare
1222 1151 1361 1208 DEF'
1379 1194 1396 1221 ‚
1458 1171 1564 1210 nos
1604 1156 1678 1211 ad
1714 1156 2002 1212 dexteram
2038 1173 2195 1212 suam
2230 1157 2373 1213 velit
2407 1158 2698 1228 appellare
2731 1160 2799 1216 A.

185 1239 261 1294 30
294 1238 400 1292 tibi
435 1234 471 1291 f.
507 1252 662 1293 sume
697 1239 773 1305 R,
824 1253 1032 1292 summe
1067 1239 1142 1307 C,
1193 1244 1253 1293 tu
1288 1255 1374 1295 me
1413 1241 1473 1294 Β.
1568 1243 1638 1295 31
1677 1241 1973 1298 decantavi
2011 1244 2250 1299 dulciter
2284 1244 2402 1299 mis.
2446 1245 2526 1315 R,
2561 1252 2624 1301 nt
2660 1242 2805 1302 frui·

188 1324 346 1379 tione
382 1321 420 1378 f.
456 1323 576 1378 mis.
613 1324 676 1392 Β,
731 1322 844 1377 dixi
880 1328 943 1380 ut
978 1340 1085 1381 nos
1120 1325 1321 1380 visites
1355 1327 1725 1396 inspiratione
1761 1328 1962 1385 AEFZ.
2034 1332 2105 1385 32
2140 1346 2319 1400 neque
2350 1337 2419 1385 rtu
2457 1363 2521 1372 -
2558 1331 2803 1402 inspira·

186 1410 344 1465 tione
379 1409 425 1464 B
445 1449 460 1477 ‚
521 1425 610 1463 me
645 1414 860 1464 aeterna
893 1409 972 1464 ill.
1009 1409 1086 1478 R,
1145 1416 1249 1467 'tua
1281 1426 1372 1466 me
1401 1414 1685 1483 pei-saties
1722 1429 1846 1470 cum
1883 1417 2020 1471 laeta
2055 1416 2275 1473 visione
2311 1418 2386 1486 Β,
2443 1424 2507 1473 ut
2539 1418 2797 1475 vivamus

180 1494 408 1568 jugiter
441 1495 573 1551 coeli
607 1496 841 1567 regione
871 1495 1077 1552 mr.

368 1636 434 1692 V.
471 1636 553 1691 13.
607 1637 854 1709 Spiritus
891 1642 1119 1695 sanctus
1158 1640 1217 1693 in
1251 1639 1550 1710 scripturis
1586 1640 1800 1695 sanctis
1835 1641 2160 1717 septenario
2195 1656 2426 1697 numero
2463 1642 2613 1698 solet
2648 1658 2799 1701 com·
2912 1652 2919 1665 ¹

185 1724 453 1781 mendari.
494 1754 556 1765 -
600 1724 954 1794 septenarius
987 1740 1253 1782 numerus
1290 1726 1509 1782 dicatus
1544 1731 1634 1781 est
1669 1726 1893 1797 spiritui
1931 1732 2146 1796 sancto,
2182 1728 2329 1784 sicut
2363 1728 2625 1784 denarius
2661 1730 2795 1802 legi.
2884 1730 2893 1743 ¹

190 1814 456 1883 Augemm-
493 1826 655 1866 serm.
691 1813 814 1879 270,
851 1814 899 1867 5.

364 1916 430 1971 V.
466 1919 549 1972 14.
602 1920 803 1971 cuncta
835 1915 1122 1972 idiomata.
1191 1915 1490 1971 Sinnreich
1538 1915 1701 1971 stellt
1749 1915 1967 1986 Greqor.
2001 1917 2069 1972 M.
2121 1918 2264 1972 hom.
2312 1918 2371 1973 in
2407 1934 2490 1973 ev.
2527 1922 2580 1988 2,
2616 1921 2702 1989 30,
2738 1923 2793 1976 4.

188 2005 292 2060 das
326 2002 1009 2074 Sprachenverstfindniss
1056 2002 1155 2056 des
1191 2004 1243 2057 h.
1275 2002 1502 2060 Geistes
1547 2003 1675 2058 dem
1723 2001 2168 2074 babylonischen
2215 2003 2537 2060 Thuri-bau
2582 2020 2793 2076 geget-

185 2092 355 2147 iiber:
392 2091 498 2158 Qui
533 2095 734 2146 contra
769 2091 933 2146 deum
967 2090 1166 2147 turrim
1202 2086 1485 2147 aedificare
1521 2091 1713 2146 conati
1740 2094 1886 2159 sunt,
1922 2090 2361 2147 communionem
2387 2090 2549 2146 unius
2576 2091 2790 2164 lingum

183 2179 577 2250 perdiderunt,
637 2178 697 2233 in
730 2178 820 2235 his
855 2177 1198 2249 (apostolis)
1229 2184 1420 2234 autem
1438 2217 1455 2247 ,
1517 2177 1614 2247 qui
1653 2178 1817 2232 deum
1851 2176 2134 2233 humiliter
2164 2178 2517 2247 metuebant,
2577 2178 2791 2251 ling-nas

184 2282 379 2323 omnes
433 2266 604 2322 unitae
657 2270 802 2322 sunt.
872 2266 965 2321 hic
1016 2281 1161 2337 ergo
1214 2264 1499 2321 humilitas
1553 2265 1822 2320 virtutem
1874 2264 2081 2320 meruit
2099 2304 2113 2332 ,
2166 2264 2285 2319 illic
2338 2265 2603 2336 superbia
2659 2282 2791 2323 con-

183 2349 474 2408 fusionem.
2718 2362 2725 2369 ·

374 2455 440 2511 V.
477 2457 558 2511 18.
611 2453 931 2511 vivificatus
951 2497 966 2525 ‚
1001 2455 1133 2512 blos
1169 2456 1268 2511 des
1302 2455 1526 2511 Reimea
1561 2466 1769 2527 wegen
1802 2458 1946 2511 statt
1980 2451 2303 2524 vivificans,
2338 2455 2452 2508 wie
2486 2452 2788 2519 ζωοποιοῦν
2894 2461 2901 2529 ξ

183 2543 309 2601 Joh
359 2543 395 2598 6
415 2583 430 2613 ,
484 2544 568 2599 63.
666 2544 769 2600 Bei
821 2542 966 2599 θοαί·
1018 2542 1108 2598 rit.
1166 2542 1413 2598 Groecor.
1467 2558 1521 2612 p.
1578 2544 1700 2599 597.
1752 2541 1895 2614 πηγὴ
1932 2538 2284 2615 ἀγαθότητος
2320 2545 2412 2597 καὶ
2446 2539 2601 2606 ζῶσα
2635 2550 2782 2616 πηγῇ
2894 2546 2901 2601 Ι

181 2649 361 2706 rospa-

359 2732 422 2788 V.
461 2734 543 2788 19.
598 2730 994 2802 inflammatus,
1030 2730 1313 2788 ebenfalis
1349 2730 1444 2787 fiir
1480 2732 1582 2788 das
1617 2733 1786 2787 Activ
1820 2732 1933 2787 wie
1968 2732 2031 2786 V.
2071 2732 2153 2787 18.
2225 2731 2325 2787 Bei
2362 2731 2505 2787 (ἴσον
2533 2732 2568 2786 1.
2597 2732 2632 2786 1.
2668 2731 2784 2812 πῦρ

182 2821 242 2876 ἐκ
277 2821 454 2898 πυρὸς
488 2821 698 2898 προϊόν.

364 2926 429 2980 V.
463 2929 549 2981 20.
603 2927 705 2981 Die
741 2923 1176 2997 Bigenschasten
1224 2927 1374 2997 ignis
1423 2925 1536 2980 und
1580 2925 1859 2980 charisma
1909 2923 2336 3007 neunt-Quemne
2381 2921 2439 2977 in
2474 2928 2786 2993 pentecost.

180 3018 283 3069 str.
320 3014 370 3067 9.
406 3010 527 3082 φῶς
563 3016 654 3066 καὶ
690 3010 882 3086 εἰρήνη.
946 3014 1210 3081 Ama-seat.
1245 3028 1410 3067 serm.
1443 3013 1531 3079 94,
1563 3014 1618 3066 2.
1652 3010 1973 3082 vergleicht
2007 3010 2097 3064 die
2133 3013 2167 3063 7
2203 3010 2377 3066 Brote
2413 3010 2506 3064 bei
2540 3011 2709 3067 Uaro.
2747 3014 2785 3069 8

173 3101 284 3156 n't
315 3099 427 3155 den
460 3101 496 3152 7
532 3097 724 3154 flaben
758 3097 860 3151 des
895 3098 947 3152 h.
981 3097 1215 3153 Geistes.

357 3201 425 3255 V.
453 3204 544 3257 21.
587 3201 802 3257 dextrae
828 3201 920 3256 dei
935 3201 1162 3273 digitus.
1190 3202 1393 3257 beruht
1417 3198 1527 3256 aas
1544 3201 1647 3256 der
1662 3199 2028 3271 Verbindmg
2047 3200 2149 3255 der
2165 3199 2383 3257 Stellen
2401 3201 2592 3257 matth.
2608 3206 2693 3272 12,
2708 3204 2782 3260 28

177 3290 294 3345 ud
327 3288 464 3345 Iauk.
501 3292 588 3358 11,
623 3291 708 3343 20.
775 3290 935 3346 Danu
971 3289 1229 3345 hemon-kt
1264 3290 1527 3360 Aequum.
1553 3303 1746 3344 sermo
1780 3290 1972 3356 155,5.
2005 3287 2067 3342 ln
2101 3288 2285 3342 veteri
2318 3287 2533 3358 populo
2568 3290 2782 3347 occisio

179 3376 309 3431 ovis
346 3375 628 3434 Christum
663 3374 974 3449 significat,
1035 3390 1236 3448 azyma
1269 3381 1458 3433 *autem
1508 3391 1716 3431 novam
1746 3375 1952 3445 vitam,
2016 3375 2127 3430 hoc
2162 3381 2277 3444 est,
2340 3377 2463 3430 sine
2498 3382 2783 3435 vetustate

173 3459 468 3530 fermenti,
529 3463 676 3518 unde
724 3466 1019 3534 apostolus
1058 3464 1220 3531 dicit,
1271 3468 1590 3536 expurgate
1624 3468 1788 3517 vetus
1824 3460 2159 3517 fermentum
2194 3469 2298 3517 etc.
2345 3467 2408 3532 (1
2448 3463 2576 3521 Gor.
2614 3467 2665 3534 5,
2702 3469 2782 3536 7).

175 3549 323 3607 Post
356 3551 759 3623 quinquaginta
793 3552 915 3608 dies
951 3569 986 3607 a
1021 3552 1402 3609 celebratione
1433 3551 1667 3622 paschae
1702 3552 1869 3606 datur
1903 3550 1997 3604 lex
2033 3550 2091 3603 in
2125 3554 2317 3606 monte
2353 3550 2491 3606 Sina
2505 3592 2521 3621 ‚
2568 3553 2783 3624 scripta

173 3637 362 3710 ‹lig-ito
398 3639 503 3695 dei.
573 3639 897 3695 Immolatur
939 3640 1227 3709 Christus,
1289 3638 1587 3695 transitum
1634 3635 1775 3693 facit
1823 3654 1857 3693 a
1890 3642 2074 3693 morte
2122 3636 2198 3692 ad
2233 3637 2440 3692 vitam:
2508 3639 2781 3696 transitus

173 3726 324 3779 enim
378 3725 640 3780 hebraice
675 3726 1080 3797 interpretatur
1114 3727 1328 3798 pascha
1345 3767 1360 3795 ‚
1415 3726 1567 3797 quod
1620 3725 1902 3795 expressit
1948 3723 2303 3795 evangelista
2354 3724 2513 3792 (Joh.
2562 3724 2647 3793 13,
2702 3728 2780 3793 1).
2853 3727 2857 3731 “

173 3811 552 3866 Numerantur
578 3813 981 3885 quinquaginta
1006 3813 1144 3881 dies,
1181 3819 1240 3868 et
1270 3813 1426 3867 venit
1452 3812 1685 3882 spiritus
1720 3817 1966 3879 sanctus,
2003 3810 2215 3882 digitus
2252 3809 2358 3863 dei.
2427 3809 2505 3863 Er
2539 3811 2783 3868 wieder·

174 3894 304 3951 holt
337 3896 489 3951 diese
524 3898 758 3953 Ansicht
791 3899 866 3953 im
901 3914 1087 3955 sermo
1119 3900 1238 3969 156,
1269 3901 1350 3954 14.
1403 3899 1619 3954 Dicitur
1655 3897 1890 3969 spiritus
1926 3901 2154 3952 sanctus
2183 3894 2394 3965 digitus
2426 3894 2514 3949 dei
2541 3904 2785 3969 propter

171 3982 533 4051 partitionem
567 3984 861 4052 donorum,
899 4001 1023 4055 quae
1059 3986 1114 4039 in
1152 4000 1224 4040 eo
1260 3986 1463 4040 dantur
1498 3984 1794 4054 unicuique
1830 3983 2079 4054 propria.
2135 3982 2193 4037 in
2227 3980 2397 4034 nullis
2432 3982 2579 4036 enim
2605 4001 2774 4038 mem-

167 4069 291 4126 bris
327 4070 540 4127 nostris
574 4073 755 4143 magis
791 4078 1030 4143 apparet
1064 4074 1297 4143 partitio
1333 4089 1498 4144 quam
1533 4074 1591 4128 in
1620 4072 1828 4142 digitis.
1897 4073 2105 4141 Auqmt.
2140 4074 2333 4141 quaest.
2370 4083 2570 4140 evang.
2605 4074 2658 4139 2,
2688 4075 2770 4126 17.

167 4156 301 4230 Vgl.
338 4161 499 4224 ejusd.
539 4159 701 4231 epist.
736 4163 822 4227 55,
859 4162 944 4214 29.

344 4260 412 4317 V.
448 4266 533 4319 27.
587 4263 688 4319 Die
724 4263 1093 4337 Mitwirkung
1140 4263 1239 4319 des
1286 4264 1336 4319 h.
1374 4262 1594 4320 Geistes
1629 4262 1775 4317 beim
1815 4261 2091 4335 jiingsten
2131 4261 2392 4319 Gerichte
2428 4260 2633 4317 beruht
2670 4261 2779 4320 auf

157 4348 294 4407 Joh.
333 4352 419 4423 15,
453 4353 540 4406 22.
573 4351 660 4409 26.
694 4353 778 4407 27.
815 4350 928 4408 und
965 4352 1050 4425 16,
1086 4352 1299 4409 8-11,

2874 2910 2895 3099 ‘'F—*Nu
