3159 5259
2724 342 2852 408 271

219 528 414 613 Ave,
460 530 571 615 qui
615 537 745 594 tam
787 529 856 593 in
902 544 1124 596 amara
1591 551 1717 595 ave
1761 530 1951 615 panis
1996 531 2375 614 angelorum
2390 580 2407 615 ‚

224 633 631 719 perpendisti
677 635 889 699 crucis
935 655 1053 698 ara
1072 683 1089 718 ,
1589 651 1716 696 ave
1761 632 1975 714 gloria
2020 640 2391 698 sanctorum
2411 681 2429 715 ‚

315 738 458 802 dira
500 745 726 802 morte·
756 755 1097 803 corruens:
1401 738 1482 801 15
1679 734 2091 819 dispensator
2143 737 2440 801 criminis.

221 859 352 905 ave
397 844 505 922 qui
545 857 666 904 nos
711 861 752 904 a
789 858 1097 924 pressura

221 942 552 1006 redemisti
587 946 806 1007 mortis
850 945 1012 1009 dura

308 1046 514 1109 hostis
557 1053 784 1129 portas
831 1048 1132 1112 obruens,

1588 885 1743 953 Ave
1789 888 2104 973 clemens,
2152 910 2277 955 ave
2321 891 2462 976 pie,
2761 893 2846 955 25

1589 993 1809 1059 multae
1851 993 2347 1078 misericordiae,

1677 1097 2059 1161 miserorum
2104 1097 2429 1162 solamen:

218 1195 374 1264 Ave
417 1198 633 1265 lumen
679 1198 1102 1264 clarissimum
1119 1248 1137 1281 ‚
1588 1220 1715 1264 ave
1763 1197 2054 1283 Christe,
2088 1200 2195 1264 fili
2239 1200 2375 1283 dei,

215 1320 462 1385 corpus
509 1300 752 1365 Christi
795 1302 1265 1367 sanctissimum
1285 1348 1304 1385 ,
1394 1302 1479 1366 20
1587 1321 1857 1386 precor,
1902 1306 2215 1368 miserere
2256 1306 2387 1369 mei

307 1404 431 1469 flos
478 1411 544 1469 et
587 1404 836 1471 fructus
879 1405 1183 1487 virginis.
1671 1424 1843 1471 nunc
1880 1413 2075 1489 atque
2121 1425 2398 1491 semper.
2464 1426 2668 1472 amen.
2758 1409 2845 1472 30

325 1676 362 1733 J
396 1589 784 1646 Reichenauer
820 1590 916 1647 ns.
949 1591 1057 1647 No.
1074 1588 1160 1643 ³6.
1197 1589 1283 1646 Bl.
1300 1591 1370 1644 43
1408 1590 1537 1659 (A).
1610 1589 1833 1645 Andere
1869 1591 2260 1647 Reichenauer
2295 1591 2553 1662 Pap-Hs.
2588 1588 2696 1649 No.
2726 1592 2843 1648 156.

215 1678 289 1731 15
361 1679 521 1733 amn
559 1679 686 1747 (B).

399 1800 468 1855 13
505 1799 604 1869 qui
636 1814 761 1853 cum
795 1814 900 1854 am.
934 1799 996 1855 B.
1088 1800 1170 1855 16.
1210 1802 1292 1853 17.
1339 1799 1465 1854 sind
1500 1816 1605 1856 aus
1639 1800 1746 1856 No.
1782 1800 1868 1869 86,
1906 1801 1953 1854 1.
2040 1800 2109 1855 18
2145 1803 2382 1871 portans
2418 1800 2482 1855 A.
2565 1800 2725 1856 Nach
2771 1801 2846 1857 24

213 1880 353 1955 fiigt
398 1885 446 1940 B
504 1885 659 1940 diese
695 1887 1050 1958 ungehiirige
1085 1886 1336 1959 Strophe
1373 1887 1493 1941 ein:
1581 1881 1585 1884 ’

363 1975 506 2042 Ave,
544 1990 706 2043 quem
741 1975 908 2030 hodie
947 1975 1159 2045 sumpsi
1183 1990 1340 2045 vere,
1660 1988 1767 2028 ave
1804 1973 1952 2028 bone
1987 1973 2062 2028 mi
2097 1974 2291 2043 Jhnnu,
2398 2051 2402 2055 <

365 2064 422 2115 tu
455 2073 539 2113 mc
568 2076 758 2130 pasce,
795 2076 878 2116 me
913 2065 1060 2116 luere
1659 2059 1717 2114 in
1754 2065 1854 2116 tuo
1892 2060 2153 2132 corporis
2181 2076 2282 2115 esu

433 2161 579 2201 nunc
622 2153 681 2202 et
714 2147 772 2202 in
807 2153 1155 2219 perpetuum.
1730 2144 1823 2202 fac
1858 2147 1993 2202 mihi
2029 2146 2330 2202 secundum
2363 2160 2567 2202 nomen
2603 2151 2774 2204 tuum.

219 2234 335 2289 Der
384 2233 587 2287 zweite
623 2234 771 2289 Vers
807 2236 885 2291 ist
921 2252 1024 2291 aus
1060 2236 1185 2291 dem
1219 2235 1413 2292 Lauda
1446 2233 1590 2291 Sion
1626 2235 1690 2291 V.
1728 2238 1798 2291 73
1835 2236 2102 2291 entlehnt.
2191 2238 2264 2290 27
2299 2235 2738 2305 miserorumque
2772 2234 2845 2306 A,

214 2320 585 2391 miserumque
624 2322 683 2376 B.

402 2409 467 2463 V.
505 2412 554 2463 3.
609 2424 872 2465 carneum
909 2415 1150 2482 tegmen.
1202 2408 1341 2466 wie
1391 2411 1648 2468 christus
1698 2408 1806 2464 den
1853 2411 2156 2467 Menschen
2204 2422 2566 2481 angezogen‚
2621 2423 2691 2463 so
2726 2406 2844 2463 soll

220 2496 322 2552 der
357 2497 584 2553 Mensch
633 2498 916 2554 Christum
965 2497 1238 2553 anziehen
1285 2498 1462 2554 durch
1510 2499 1617 2552 den
1652 2497 1904 2554 Glauben
1954 2497 2066 2552 und
2117 2496 2207 2550 die
2245 2493 2438 2551 Taufe.
2510 2494 2631 2550 Gal.
2665 2495 2716 2563 3,
2754 2496 2844 2549 27.

221 2585 391 2640 Diese
425 2585 754 2657 Beziehung
799 2586 1012 2642 kommt
1060 2585 1118 2639 in
1155 2584 1261 2640 den
1297 2586 1535 2642 Liedern
1572 2586 1756 2641 selten
1792 2602 1916 2641 vor.
1988 2583 2198 2640 Paulus
2234 2579 2367 2639 fidei
2404 2580 2649 2654 gratiam
2682 2581 2845 2636 indu·

218 2676 463 2726 mentum
499 2679 686 2741 vocat,
722 2677 786 2727 ut
822 2672 1106 2729 Christum
1141 2672 1321 2728 induti
1356 2673 1495 2743 sint,
1532 2673 1629 2743 qui
1664 2673 1722 2727 in
1758 2689 1883 2727 eum
1920 2671 2292 2729 crediderunt.
2361 2671 2622 2741 Λαμπετίη.
2659 2667 2717 2722 in
2754 2683 2846 2738 ep.

220 2759 297 2813 ad
336 2758 455 2814 Gal.
492 2761 524 2825 S
560 2762 645 2814 27.

400 2844 465 2899 V.
504 2846 752 2900 ils-18.
807 2842 1003 2902 “Acddv
1037 2847 1223 2902 πυλῶν
1258 2866 1328 2918 με
1367 2842 1664 2922 ἀνηγάγετο
1702 2842 1869 2913 ξύλου
1904 2842 2109 2922 βρώσει
2142 2842 2382 2919 πονηρᾷ,
2433 2840 2843 2898 θανατωθέντοι

221 2930 472 2988 θάνατον
506 2930 754 2995 ἑκούσιος
795 2932 1248 3004 καταδεξάμενος.
1305 2934 1448 2988 Nov,
1488 2936 1570 2987 11.
2042 2958 2045 2961 “

399 3016 464 3070 V.
481 3020 567 3073 22.
593 3017 755 3088 panis
781 3017 1129 3089 angelorum.
1163 3019 1293 3091 Vgl.
1319 3021 1423 3074 No.
1447 3021 1573 3087 204,
1590 3021 1675 3072 21.
1711 3020 1981 3089 :inqu-slim
2004 3032 2192 3071 sermo
2215 3016 2337 3081 225,
2352 3016 2401 3067 3.
2433 3018 2496 3069 ut
2516 3027 2719 3083 panem
2743 3027 2845 3066 an-

219 3105 482 3177 gelorum
508 3105 869 3159 manducaret
896 3106 1084 3175 homo,
1114 3106 1368 3160 dominus
1397 3106 1729 3177 angelorum
1756 3101 1943 3159 factus
1963 3108 2051 3159 est
2068 3105 2251 3157 homo.
2288 3101 2400 3157 Der
2427 3099 2658 3155 Mensch
2683 3115 2839 3154 muse

219 3193 360 3247 aber
392 3193 534 3247 dazu
568 3191 917 3248 vorbereitet
941 3194 1188 3262 werden,
1214 3208 1281 3247 er
1307 3209 1457 3247 muse
1483 3191 1965 3261 Veriinderungen
2000 3188 2358 3260 durchgehen
2393 3187 2507 3241 wie
2544 3186 2644 3241 das
2684 3187 2846 3241 Brot.

217 3280 406 3336 Daher
435 3287 567 3352 sagt
592 3281 940 3353 Augustinus
969 3298 1039 3336 zu
1067 3281 1176 3335 den
1200 3277 1557 3352 Tfiuflingen:
1597 3277 1857 3348 numquid
1883 3277 2045 3347 panis
2072 3273 2172 3331 ille
2201 3274 2270 3329 de
2300 3289 2410 3329 uno
2439 3288 2622 3344 grano
2651 3268 2841 3329 factus

221 3371 348 3424 est?
393 3386 577 3425 nonne
605 3368 783 3423 multa
815 3372 978 3424 erant
1013 3368 1189 3424 tritici
1223 3369 1449 3440 grana?
1495 3367 1598 3422 sed
1623 3371 1923 3436 antequam
1945 3365 2019 3421 ad
2045 3378 2243 3434 panem
2269 3361 2543 3429 venirent,
2570 3364 2841 3431 separata

218 3463 400 3525 erant,
437 3473 541 3526 per
570 3471 772 3527 aquam
800 3456 1105 3529 conjuncta
1132 3461 1264 3511 sunt
1298 3460 1355 3510 et
1381 3461 1514 3526 post
1542 3453 1819 3524 quandam
1846 3450 2254 3507 contritionem.
2289 3448 2400 3503 nisi
2426 3447 2569 3503 enim
2596 3447 2845 3501 molatur

219 3544 466 3598 triticum
505 3550 562 3598 et
596 3559 703 3613 per
739 3558 941 3612 aquam
977 3547 1407 3614 conspergatur,
1443 3543 1517 3597 ad
1553 3543 1721 3597 istam
1756 3537 1995 3595 formam
2031 3538 2253 3593 miniine
2291 3536 2475 3607 venit,
2514 3551 2639 3606 quae
2674 3533 2841 3605 panis

217 3637 472 3686 vocatur.
546 3630 642 3685 Sic
691 3633 750 3685 et
799 3646 905 3685 vos
954 3635 1085 3685 ante
1126 3629 1340 3703 jejunii
1386 3628 1774 3685 humiliatione
1824 3631 1882 3681 et
1930 3625 2228 3680 exorcismi
2275 3627 2628 3679 sacramento
2678 3621 2844 3692 quasi

218 3717 610 3786 molebamini,
672 3718 913 3773 accessit
959 3716 1296 3788 baptismum
1344 3721 1402 3772 et
1439 3730 1617 3787 aqua,
1682 3729 1793 3785 qua
1829 3712 2122 3784 conspersi
2156 3712 2324 3780 estis,
2389 3716 2453 3766 ut
2487 3709 2561 3765 ad
2594 3706 2841 3763 formam

219 3808 381 3877 panis
408 3805 693 3861 veniretis.
731 3804 832 3860 sed
869 3805 1114 3860 nondum
1149 3810 1238 3860 est
1273 3805 1437 3876 panis
1472 3805 1596 3860 sine
1632 3803 1779 3875 igne.
1834 3798 1966 3871 quid
2001 3816 2146 3873 ergo
2183 3796 2468 3871 significat
2502 3797 2694 3869 ignis?
2729 3796 2843 3850 hoc

220 3902 309 3950 est
362 3895 616 3950 chrisma.
689 3894 889 3950 Sermo
939 3895 1077 3963 227,
1135 3895 1181 3949 1.
1251 3891 1383 3964 Vgl.
1433 3907 1619 3948 sermo
1654 3893 1777 3945 229.
1849 3890 1910 3945 In
1958 3888 2250 3944 fihnlicher
2302 3886 2505 3940 Weise
2560 3883 2713 3938 steht
2764 3882 2845 3936 im

222 3982 464 4038 Triodion
478 3983 550 4049 Μ,
588 3983 635 4034 5.
674 3980 704 4036 ὁ
744 3980 904 4056 ἅγιος
935 3979 1151 4055 μάρτυς
1191 3983 1327 4056 πυρὶ
1367 3979 1778 4042 ὁλοκαυτωθεὶς
1813 3975 1891 4039 ὥς
1927 3975 2095 4052 ἄρτος
2128 3972 2283 4046 ἡδύς.

406 4069 474 4122 V.
509 4070 593 4122 26.
646 4064 871 4123 Ebenso
909 4068 1234 4139 gewonlich
1269 4068 1326 4120 in
1363 4066 1468 4121 den
1503 4066 1740 4124 Menfien
1775 4065 2078 4127 πολυέλεος.

694 4350 867 4424 207.
941 4348 1064 4423 Ad
1114 4344 1557 4422 salutandum
1613 4372 1873 4447 corpus
1928 4344 2372 4418 dominicum.

222 4529 380 4600 Ave
427 4548 582 4596 caro
628 4524 873 4594 Christi
915 4546 1103 4613 cara,
1588 4536 1799 4596 morte
1844 4524 1956 4593 tua
1999 4482 2119 4591 nos
2165 4521 2388 4590 amara

227 4636 556 4701 immolata
601 4633 810 4699 crucis
856 4629 974 4697 ara
987 4681 1005 4716 ,
1588 4634 1701 4698 fac
1741 4629 2118 4712 redemptos
2164 4628 2311 4692 luce
2352 4625 2536 4692 clara
2800 4625 2841 4689 5

317 4746 389 4804 tu
431 4746 691 4805 sacrata
734 4735 951 4801 hostia
1679 4742 1894 4801 tecum
1936 4732 2069 4797 frui
2108 4732 2339 4817 gloria.
