3159 5259
2627 278 2762 345 810

591 666 767 742 250.
841 664 930 738 In
981 665 1420 740 dedicatione
1470 662 1731 766 templi.
1802 665 2320 741 benedicamus·

152 894 490 980 Templum
533 895 661 961 hoc
701 894 1017 980 pacificus
1503 895 1612 960 hic
1656 903 1756 960 est
1800 895 1969 981 lapis
1982 943 2001 978 ‚
2048 915 2238 980 quem
2278 894 2511 963 Aaron

149 1016 347 1062 verus
390 996 826 1079 consecravit,
1501 997 1732 1063 detulit
1775 999 1842 1062 in
1885 998 2103 1064 fronte
2120 1047 2138 1078 ‚

149 1098 259 1163 hic
303 1107 406 1163 est
446 1098 643 1182 lapis,
689 1115 880 1182 quem
923 1097 1135 1165 Jacob
1500 1103 1605 1168 cui
1647 1101 2085 1168 benedicimus
2107 1150 2124 1185 ,

146 1201 296 1266 oleo
339 1202 641 1284 signavit,
1502 1204 1611 1284 qui
1654 1223 1775 1268 nos
1820 1204 1981 1270 lavit
2023 1204 2221 1269 fonte.
2672 1206 2753 1269 10

145 1303 312 1387 lapis
358 1305 499 1368 sine
542 1304 833 1370 manibus
1354 1303 1395 1364 5
1501 1322 1666 1386 ergo
1707 1312 1936 1369 nostra
1979 1306 2208 1370 concio

142 1408 385 1475 scissus
431 1415 535 1471 cst
570 1407 655 1472 de
697 1413 946 1488 monte,
1500 1407 1845 1473 benedicat
1889 1406 2165 1472 domino.

323 1589 418 1646 Hs.
455 1604 525 1644 zu
558 1588 848 1657 Miinchen,
885 1587 1019 1643 Glm.
1054 1586 1213 1641 5539.
1248 1581 1348 1642 fol.
1386 1586 1501 1641 108.
1537 1587 1640 1641 mit
1672 1586 2046 1657 Musiknoten,
2084 1590 2155 1642 14
2188 1586 2386 1644 Jahrh.

316 1727 383 1783 V.
421 1732 467 1782 1.
522 1724 806 1799 pacificus,
844 1726 934 1782 die
960 1726 1390 1798 Uebersetzung
1424 1742 1539 1782 von
1566 1725 1857 1797 Salomon,
1894 1743 2053 1783 vemt
2077 1727 2331 1799 pacificus
2365 1728 2443 1782 ist
2476 1727 2752 1798 Christus,

141 1814 244 1869 der
276 1815 533 1869 Erbauer
570 1813 671 1869 der
709 1813 916 1871 Kirche
936 1854 950 1882 ,
997 1812 1112 1867 wie
1151 1812 1322 1886 jener
1359 1813 1458 1869 des
1494 1814 1785 1883 Tempels3
1848 1814 2025 1868 daher
2076 1813 2154 1869 ist
2204 1812 2351 1869 auch
2403 1812 2492 1870 die
2541 1815 2752 1870 Kirche

145 1900 305 1958 scine
340 1901 521 1956 Braut
572 1899 686 1956 und
737 1900 885 1955 wird
940 1900 1042 1956 das
1097 1900 1248 1955 hoho
1282 1900 1421 1956 Lied
1474 1898 1581 1955 auf
1609 1901 1893 1959 Christum
1942 1900 2056 1957 und
2102 1900 2192 1957 die
2228 1900 2436 1957 Kirche
2482 1900 2756 1972 bezogen.

138 1990 177 2045 2
213 1987 342 2045 Gor.
381 1985 467 2057 11,
501 1989 551 2043 2.
620 1984 869 2064 Χριστοῦ
900 1985 936 2057 ἦ
969 1983 1153 2059 νύμφη
1187 1987 1451 2057 ἐκκλησία.
1503 1986 1630 2042 Jan.
1665 1988 1748 2043 BL
1783 1990 1835 2041 4.

318 2090 383 2147 V.
422 2094 504 2147 10.
556 2086 717 2161 fons,
771 2091 863 2147 die
898 2087 1105 2160 Taufe‚
1158 2090 1299 2145 weil
1331 2106 1460 2146 man
1494 2090 1674 2147 durch
1711 2089 1795 2145 sie
1843 2091 1901 2146 in
1950 2090 2041 2146 die
2078 2091 2285 2148 Kirche
2320 2089 2750 2163 aufgenommen

137 2179 303 2233 wird.
373 2178 438 2231 V.
478 2178 616 2233 1-8
652 2176 778 2232 sind
816 2177 903 2230 die
937 2175 1350 2248 Andeutungen
1384 2177 1482 2231 des
1519 2177 1675 2232 alten
1706 2178 2054 2233 Testamenta
2093 2177 2369 2245 erwiihnt,
2404 2175 2624 2231 welche
2650 2173 2760 2233 auf

137 2263 229 2320 die
276 2265 484 2319 Kirche
538 2265 637 2319 des
684 2279 864 2320 neuen
917 2264 1114 2335 Bezug
1166 2264 1346 2318 haben
1362 2303 1377 2333 ,
1440 2265 1699 2320 weshalb
1735 2267 1881 2321 auch
1918 2265 2173 2321 Christus
2211 2264 2313 2320 der
2350 2262 2614 2320 Eckstein
2649 2280 2748 2336 ge·

136 2356 314 2408 nannt
346 2351 510 2419 wird,
546 2351 683 2405 weil
717 2366 783 2405 er
819 2350 980 2405 beide
1008 2350 1365 2406 Testamente
1401 2350 1713 2407 verbindet.
1783 2351 1843 2408 S.
1878 2352 1986 2406 No.
2019 2353 2146 2420 251,
2182 2354 2265 2446 t3.

234 2680 406 2755 251.
456 2680 546 2752 In
600 2678 1036 2753 dedicatione
1088 2680 1399 2754 ecclesiae
1454 2694 1522 2754 et
1568 2687 2045 2758 anniversario
2089 2670 2261 2784 ejus.
2325 2668 2672 2786 hymnus.-

397 2900 571 2966 Urbs
613 2904 808 2965 beata
849 2901 1234 2983 Jerusalem,
1280 2901 1452 2967 dicta
1495 2904 1677 2984 pacis
1723 2904 1919 2986 visio,

402 3022 550 3085 quae
595 3003 987 3068 construitur
1033 3004 1100 3067 in
1146 3003 1327 3069 coelis
1369 3005 1538 3068 vivis
1580 3025 1669 3070 ex
1713 3004 2035 3088 lapidibus

397 3114 469 3171 et
512 3106 764 3203 angelis
809 3112 1123 3172 coornata
1167 3106 1348 3171 velut
1388 3124 1632 3190 sponsa
1675 3108 1925 3173 nobilis.

398 3282 590 3349 Nova
631 3285 900 3348 veniens
945 3306 987 3349 a
1031 3285 1227 3365 coelo,
1271 3284 1541 3368 nuptiali
1587 3284 1871 3349 thalamo

395 3394 802 3471 praeparata,
847 3394 919 3452 ut
961 3396 1270 3472 sponsata
1317 3388 1657 3470 copuletur
1700 3387 1957 3452 domino
1974 3435 1990 3469 ,
2701 3392 2744 3454 5

395 3492 636 3575 plateae
680 3499 747 3556 et
789 3492 954 3557 muri
997 3491 1140 3575 ejus
1184 3512 1268 3558 ex
1312 3510 1472 3558 auro
1515 3494 1878 3577 purissimo,

393 3661 616 3728 Portae
661 3665 866 3729 nitent
888 3666 1276 3755 „margaritis
1322 3666 1536 3748 adytis
1572 3667 1941 3749 patentibus

396 3775 462 3832 et
508 3769 745 3833 virtute
790 3769 1161 3835 meritorum
1204 3769 1358 3834 illuc
1400 3770 1827 3835 introducitur

396 3872 636 3953 omnis,
685 3873 790 3954 qui
840 3876 922 3939 ob
970 3872 1211 3937 Christi
1254 3891 1488 3938 nomen
1532 3872 1641 3938 hic
1685 3874 1752 3936 in
1795 3873 2032 3937 mundo
2077 3873 2406 3957 premitur.

398 4047 855 4133 Tunsionibus,
894 4055 1218 4136 pressuris
1264 4056 1532 4137 expoliti
1575 4053 1828 4137 lapides
2663 4055 2745 4117 10

399 4154 532 4216 suis
578 4162 965 4237 coaptantur
1006 4156 1187 4238 lociS‚
1232 4177 1353 4241 per
1394 4175 1622 4221 manus
1668 4154 1934 4220 artificis

398 4254 822 4338 disponuntur
868 4260 1271 4344 permansuri
1315 4262 1518 4327 sacris
1563 4258 1872 4325 aedificiis.

398 4426 742 4514 Angulare
786 4433 1266 4503 fundamentum
1308 4436 1475 4520 lapis
1521 4435 1818 4502 Christus
1863 4435 2092 4499 missus
2140 4442 2273 4520 est,

400 4534 509 4614 qui
555 4552 876 4619 compage
911 4537 1230 4620 parietum
1271 4540 1339 4605 in
1383 4548 1658 4623 utroque
1703 4539 2010 4623 nectitur,

397 4655 590 4718 quem
634 4635 797 4705 Sion
841 4648 1069 4708 sancta
1110 4644 1415 4729 suscepit,
1459 4644 1528 4711 in
1574 4661 1703 4727 quo
1749 4640 2024 4710 credens
2070 4590 2432 4729 permanet.
2662 4643 2762 4711 15.
