3159 5259
897 730 1061 802 152.
1124 728 1336 802 rufin
1387 727 1699 801 secunda
1749 725 2029 828 puech-2
2068 727 2565 823 stopa-ann).

422 920 482 981 1.
527 915 894 997 Pangamus
942 915 1256 979 creatoris

527 1026 721 1100 atque
769 1015 1198 1100 redemptoris

528 1119 803 1202 gloriam
823 1168 840 1201 ,

421 1307 481 1369 2.
530 1303 651 1381 Qui
694 1306 859 1369 bene
905 1310 1193 1385 creatos,

526 1406 647 1472 sed
690 1406 992 1477 seductos
1041 1409 1277 1472 astutia
1556 1455 1564 1461 -
1631 1410 1671 1471 5

527 1542 764 1609 Callidi
811 1546 1163 1629 serpentis,

526 1645 646 1712 sua
687 1646 918 1712 refecit
960 1644 1201 1729 gratia,

421 1833 484 1895 3.
527 1828 901 1895 Praedieens
947 1830 1254 1914 futurum,

531 1940 599 1996 nt
643 1952 909 2015 germen
947 1941 1173 1998 sancta
1215 1932 1542 2019 proferret

530 2035 796 2118 femina,
1592 2038 1673 2103 10

531 2171 717 2251 Quod
761 2172 964 2236 hostis
1008 2172 1251 2254 antiqui

530 2279 767 2343 nociva
810 2286 1239 2363 exsuperaret

532 2381 765 2464 capita.
1006 2393 1012 2398 ·

417 2574 483 2636 4.
532 2570 718 2649 Quod
760 2571 1052 2654 primitus

529 2674 788 2759 perdita
831 2675 1040 2738 serius
1594 2674 1674 2736 15

526 2784 752 2841 nostra
797 2784 1067 2841 cernunt
1111 2776 1384 2858 saecula,

529 2914 691 2980 Cum
735 2913 1042 2999 plendida

453 3096 460 3103 .
530 3018 802 3084 flosculo
847 3019 1104 3101 virgula

533 3142 706 3188 novo
752 3124 958 3208 pollet
999 3123 1229 3189 Maria.

422 3308 486 3368 5.
534 3304 653 3379 Qui
700 3301 909 3367 editus
1564 3300 1672 3365 ’20

528 3406 688 3470 mire
735 3404 932 3467 edidit
978 3404 1316 3485 miracula,
1385 3464 1388 3469 .

528 3543 670 3608 Nec
704 3543 965 3625 juvenis

530 3653 805 3727 tantum,
852 3646 969 3710 sed
1013 3648 1228 3709 statim
1273 3647 1440 3710 inter
1484 3660 1620 3709 suae

529 3752 883 3816 nativitatis
927 3749 1311 3834 primordia,

537 3890 666 3956 Per
712 3886 941 3953 sideris
1564 3888 1671 3975 ,25

528 3996 742 4060 lumen
787 3995 896 4059 vel
941 3991 1262 4058 Simeonis
1304 3992 1510 4056 verba
1565 4075 1572 4079 ·

528 4134 806 4202 «Iudaica

1883 904 1969 979 ad
2013 935 2085 979 se
2130 915 2241 978 vel
2285 913 2524 996 eorda,
2568 914 2679 978 vel
2721 936 3007 982 munera

1885 1017 2236 1083 adtrahens
2280 1027 2437 1083 nutu
2480 1018 2766 1101 gentilia.

1778 1188 1839 1250 0.
1887 1184 2088 1262 Quem
2131 1191 2320 1267 pater
2366 1184 2429 1247 in
2473 1201 2639 1248 voee
2955 1186 3045 1251 30

1883 1298 2078 1372 atque
2122 1288 2383 1373 spiritus
2420 1296 2680 1354 sanetus

1885 1392 2103 1477 speeie
2147 1390 2476 1475 glorificat
2494 1440 2511 1474 ,

1794 1558 1805 1569 ·
1881 1532 2188 1597 Visentes
2231 1530 2565 1597 doctorem

1880 1637 1986 1701 vel
2034 1635 2426 1701 archiatrum
2470 1634 2707 1700 docent

1883 1740 2266 1805 auctoritate
2312 1758 2448 1805 sua.
2949 1740 3037 1802 35

1778 1904 1837 1966 7.
1884 1898 2007 1978 Qui
2052 1908 2395 1986 postquam
2440 1901 2666 1967 salutis
2711 1900 2891 1967 dona

1883 2003 2062 2068 dedit
2104 2005 2331 2085 multa,
2378 2003 2823 2087 doctrinaeque

1883 2108 2195 2193 perplura
2238 2110 2445 2173 verba
2482 2128 2599 2173 ore
2644 2127 2765 2177 suo

1883 2211 2322 2295 promulgavit
2368 2210 2819 2293 saluberrima,

1883 2345 1997 2414 Ad
2027 2351 2289 2433 probra,
2329 2359 2538 2433 sputa,
2585 2350 2903 2435 colaphos
2946 2352 3035 2415 40

1886 2459 1953 2516 et
1996 2451 2261 2534 flagella
2304 2458 2555 2516 vestem
2602 2470 2859 2534 quoque

1886 2553 2039 2619 ludo
2086 2556 2420 2638 quaesitam
2466 2564 2534 2620 et
2576 2556 2873 2639 spineum

1885 2659 2065 2725 venit
2092 2668 2352 2742 sertum,
2395 2677 2474 2725 ao
2503 2659 2712 2725 crucis
2738 2658 3033 2742 braehia,

1779 2820 1840 2886 Β.
1888 2822 2046 2900 Quae
2090 2822 2285 2888 hodie
2331 2812 2699 2907 triumphali

1885 2945 1926 2991 a
1952 2926 2219 2989 mortuis
2246 2944 2599 3009 resurgens
2627 2927 2875 3011 sprevit
2945 2928 3030 2990 45

1884 3027 2207 3131 victori&

1886 3165 2144 3232 Ducena
2190 3172 2407 3232 sedum

1884 3271 2208 3354 primitiva
2254 3271 2337 3336 ad
2386 3274 2584 3339 caelos
2628 3275 2944 3357 membra,

1884 3382 1952 3435 et
1996 3392 2202 3456 nuper

1887 3474 2183 3560 dispersa
2230 3494 2547 3544 revocans
2948 3483 3030 3544 50

1886 3583 2112 3665 ovilia3

1886 3718 2044 3797 Quae
2090 3729 2157 3785 et
2200 3723 2387 3786 nobis

1882 3823 1948 3886 in
1995 3822 2122 3921 fine
2170 3822 2513 3907 speranda,
2560 3824 2711 3889 licet

1884 3927 2106 3991 ultima

1883 4033 2173 4097 menbra
2216 4031 2445 4112 s'nnuS,
2490 4029 2772 4114 spondet
2946 4032 3027 4094 55

1885 4132 2072 4198 dona.

599 4288 756 4346 Naeh
803 4292 909 4347 den
947 4292 1071 4348 Hss.
1113 4310 1180 4348 zu
1215 4292 1502 4363 Mt‘inchen,
1539 4292 1675 4350 Clm.
1712 4292 1902 4348 14322.
1938 4290 1977 4348 f.
2010 4290 2109 4346 245
2127 4291 2227 4347 des
2267 4292 2331 4345 11
2368 4292 2564 4349 Jahrb.
2636 4292 2736 4348 Die
2772 4293 3030 4365 Sequenz

420 4381 500 4437 ist
534 4397 647 4435 von
689 4382 911 4438 Notker
949 4383 1062 4437 und
1098 4383 1248 4440 steht
1283 4384 1340 4439 in
1376 4383 1560 4437 seiner
1601 4380 1929 4452 Sammlung
1965 4382 2091 4450 (A).
2156 4378 2294 4435 elm.
2332 4381 2504 4434 14845
2543 4378 2579 4435 f.
2616 4384 2700 4435 31.
2742 4383 2808 4434 12
2836 4381 3031 4437 Jahrb.

420 4471 548 4539 (Β).
622 4469 756 4524 Cim.
799 4472 987 4525 11004.
1045 4469 1086 4525 f.
1125 4472 1241 4526 108.
1298 4474 1363 4526 11
1401 4471 1596 4526 Jahrb.
1650 4470 1779 4538 (C),
1851 4470 1946 4525 Rs.
1982 4482 2053 4523 zu
2088 4468 2380 4539 stuttgart
2416 4468 2556 4523 Bibl.
2592 4468 2698 4524 No„
2733 4469 2819 4522 20.
2870 4465 2907 4522 s.
2945 4471 3026 4524 63.

422 4561 488 4613 11
530 4556 728 4612 Jahrb.
766 4557 892 4627 (D).
946 4559 1039 4614 fle.
1076 4576 1146 4614 zu
1172 4559 1449 4632 Freiburg
1474 4560 1580 4615 Ne.
1606 4556 1690 4612 06.
1732 4559 1799 4610 15
1824 4552 2019 4612 Jahrb.
2057 4552 2182 4626 (E).
2238 4556 2337 4611 Bei
2365 4557 2469 4613 Pez
2499 4558 2747 4612 thesaur.
2773 4556 3028 4611 aneedot.
3128 4552 3137 4565 “

420 4662 549 4703 nov.
587 4645 624 4713 1,
665 4648 709 4698 1.
764 4660 816 4716 p.
852 4649 925 4699 24
960 4646 1082 4715 (P).
1157 4648 1274 4701 Ans
1331 4647 1456 4701 dem
1507 4641 1960 4701 Woffeuliittbr
2004 4639 2303 4699 Blessbueh
2357 4644 2450 4699 bei
2496 4644 2657 4699 Neale
2702 4642 3025 4714 Sequentia

419 4752 477 4811 p.
513 4736 582 4789 45
627 4733 762 4808 (N),
833 4733 927 4795 ns.
963 4751 1034 4791 zu
1068 4734 1359 4810 stuttgart
1409 4735 1576 4793 BreV.
1615 4733 1720 4795 No-
1756 4735 1873 4795 123.
1930 4731 1969 4793 f.
2006 4735 2123 4791 194.
2176 4733 2275 4793 des
2316 4734 2385 4793 12
2417 4731 2607 4794 Jahrb.
2644 4732 2745 4791 mit
2780 4732 3039 4790 Nema
