3159 5259
423 475 697 543 Multum
741 472 995 558 quidem
1039 473 1485 557 peccavimus,
1771 473 2030 559 jejunet
2073 482 2144 539 ut
2166 493 2370 539 -mens
2415 475 2636 540 sobria
2964 477 3060 541 15

427 577 546 643 sed
588 596 788 662 parce
837 575 1341 659 confidentibus,
1596 578 1674 639 10
1781 597 1820 641 a
1866 576 2014 641 labe
2058 593 2329 659 prorsus
2386 576 2730 642 criminum.

423 683 513 750 ad
547 684 818 749 nominis
862 682 1119 748 laudem
1162 683 1254 747 tui

425 787 653 854 confer
696 787 1016 884 medelam
1060 785 1398 870 languidis.
1779 739 2034 805 Praesta
2078 739 2273 803 beata
2319 740 2595 824 trinitas?

1783 841 2069 909 concede
2115 843 2386 928 simplex
2433 841 2680 926 unitaS,

423 947 539 1016 Sic
587 967 825 1034 corpus
869 957 1056 1013 extra
1102 947 1348 1013 conteri
1783 956 1853 1011 ιιι
1895 947 2225 1012 fructuosa
2268 949 2395 1012 sint
2440 948 2567 1012 tuis

424 1054 600 1119 dona
640 1073 762 1139 per
811 1052 1287 1134 abstinentiam,
1774 1053 2171 1137 jejuniorum
2213 1073 2498 1120 munera.
2951 1055 3050 1119 20

606 1238 699 1295 ns.
736 1256 804 1294 ιιι
829 1238 1184 1294 Lichtenthal
1220 1238 1319 1292 des
1356 1240 1427 1291 14
1452 1237 1647 1294 Jahrb.
1683 1240 1811 1307 (Α).
1848 1240 1943 1293 Hs.
1979 1240 2035 1293 in
2071 1239 2308 1293 meinem
2334 1239 2539 1294 Besitz.
2576 1241 2641 1292 15
2668 1239 2868 1294 Jahrb.
2907 1240 3047 1310 (B).

423 1329 520 1385 Hs.
557 1346 625 1383 ιιι
660 1326 950 1398 stuttgart
983 1327 1146 1381 Brev.
1187 1328 1302 1380 101.
1340 1324 1378 1380 f.
1413 1328 1500 1381 53.
1537 1329 1606 1380 15
1639 1327 1830 1382 Jahrh.
1871 1327 1996 1397 (C).
2060 1327 2153 1381 Hs,
2191 1343 2258 1380 zu
2293 1327 2572 1398 Freiburg
2607 1327 2712 1381 No.
2747 1328 2833 1382 66.
2872 1324 2913 1381 f.
2957 1331 3047 1383 17.

423 1419 495 1471 15
530 1416 723 1473 Jahrh
760 1416 885 1485 (D).
939 1414 1322 1474 Reichenauer
1356 1414 1454 1470 Hs.
1486 1432 1557 1470 su
1585 1413 1894 1470 Karlsruhe
1932 1415 2035 1469 No.
2056 1416 2139 1469 91.
2180 1416 2248 1468 10
2263 1414 2457 1470 Jahrb.
2494 1414 2617 1485 (Ε).
2673 1416 3046 1486 Antiphonar

417 1523 490 1561 ιιι
525 1505 833 1562 Karlsruhe
871 1521 921 1559 o.
957 1503 1023 1558 Ν.
1062 1506 1131 1557 14
1163 1503 1358 1559 Jahrh.
1406 1503 1528 1574 (F).
1620 1503 1714 1558 Hs.
1750 1518 1801 1557 V.
1841 1501 1897 1558 S.
1935 1502 2195 1573 Georges
2231 1519 2302 1556 zu
2336 1502 2662 1558 Karlsruhe.
2713 1504 2779 1556 15
2815 1503 3044 1574 Jahrb„

417 1592 521 1648 mit
554 1593 655 1647 der
689 1590 932 1647 Melodie
969 1590 1093 1659 (G).
1164 1589 1418 1644 Breviar.
1453 1590 1702 1661 Mogunt.
1741 1589 1871 1658 (Η),
1908 1587 2175 1659 Spirense
2212 1605 2264 1643 v,
2303 1592 2454 1644 1507.
2492 1587 2529 1644 s.
2568 1591 2682 1644 193.
2720 1590 2821 1659 (Ι).
2871 1590 3042 1646 Psal-

421 1681 627 1737 terium
681 1685 740 1735 et
791 1678 1115 1749 hymnarius
1178 1694 1221 1732 s.
1271 1677 1307 1732 1.
1362 1695 1408 1731 e.
1461 1693 1512 1732 a.
1578 1677 1709 1746 (K).
1796 1675 1892 1732 Hs.
1943 1692 2056 1731 von
2110 1676 2509 1732 Giinthersthal
2568 1694 2637 1734 ιιι
2699 1677 3041 1749 Karlsruhe,

425 1772 496 1825 15
531 1769 726 1825 Jahrh.
761 1768 897 1836 (Μ).
968 1767 1063 1822 Hs.
1099 1782 1213 1820 von
1249 1765 1306 1820 S.
1341 1764 1513 1820 Peter
1549 1781 1618 1818 ιιι
1654 1763 1979 1832 Karlsruhe,
2020 1767 2085 1817 15
2111 1765 2306 1820 Jahrh.
2342 1766 2473 1835 (Ν).
2526 1766 2619 1820 Hs.
2656 1782 2724 1819 ιιι
2750 1766 3042 1839 Freiburg

419 1857 531 1913 No.
569 1857 653 1912 56.
710 1857 774 1908 15
809 1854 1005 1910 Jahrh.
1059 1853 1187 1923 (Ο).
1275 1854 1335 1908 Ῑιι
1370 1854 1792 1924 (Stephenson's)
1844 1852 2008 1907 Latin
2043 1852 2243 1923 hymns
2290 1870 2342 1924 p.
2378 1856 2462 1908 62.
2511 1853 2633 1923 (L).
2720 1854 2834 1908 Das
2873 1853 3041 1909 Psal-

419 1945 624 2000 terium
657 1943 996 1999 Pataviense
1031 1942 1240 1998 stimmt
1272 1942 1372 1997 mit
1406 1941 1481 1998 111
1516 1940 1760 1995 iiberein.
1830 1940 1944 1996 Der
1978 1940 2226 2010 Hymnus
2262 1941 2338 1997 ist
2372 1957 2487 1996 von
2523 1941 2743 2013 Gregor
2778 1939 2828 1996 d.
2866 1939 2962 1997 Gr.

597 2071 633 2121 7
668 2065 871 2122 adhibe
908 2066 970 2121 D.
1043 2064 1078 2119 8
1113 2064 1316 2137 gratiae
1353 2064 1422 2120 Μ.
1507 2065 1576 2118 10
1610 2078 1914 2135 ponasque
1950 2064 2397 2134 comparavimus
2446 2061 2768 2119 GDGEHIK.
2841 2065 2910 2116 11
2948 2063 3037 2117 tui

420 2173 566 2212 nom.
615 2157 712 2211 des
756 2155 981 2211 Reimes
1031 2169 1234 2226 wegen
1281 2153 1539 2209 ABLNO.
1594 2153 1695 2208 sed
1750 2157 1952 2207 cuncta
1999 2151 2093 2223 qui
2129 2151 2286 2206 solus
2320 2156 2488 2221 potes
2525 2150 2849 2208 CDGEHIK.
2914 2152 3034 2206 net

417 2244 562 2299 Text
596 2242 653 2298 in
693 2245 775 2297 10.
815 2246 878 2296 11
917 2241 1113 2296 wurde
1152 2242 1291 2296 nach
1328 2241 1522 2297 AFLM
1557 2239 1841 2312 gewihlt,
1876 2240 1984 2296 AM
2018 2240 2142 2294 sind
2178 2239 2303 2293 eine
2339 2239 2743 2296 cistercienser
2778 2239 2893 2306 Hs„
2930 2240 3037 2294 mit

415 2331 677 2387 welches
714 2331 805 2385 die
839 2330 993 2385 alten
1030 2328 1298 2384 Breviere
1334 2327 1436 2382 des
1465 2327 1683 2383 Ordens
1718 2327 2233 2395 iibereinstimmen,
2268 2327 2312 2380 1.
2338 2325 2415 2382 ist
2440 2343 2543 2382 aus
2572 2327 2694 2381 dem
2721 2330 2785 2381 11
2814 2328 3034 2397 Jahn-h..

415 2418 547 2474 also
599 2418 701 2473 mit
748 2417 847 2472 der
899 2416 1205 2487 Griindung
1252 2415 1351 2470 des
1388 2414 1602 2473 Ordens
1651 2415 2031 2488 gleichzeitig.
2102 2416 2204 2471 Bei
2239 2417 2347 2471 No.
2380 2417 2467 2471 30.
2503 2421 2711 2472 musste
2747 2413 3035 2474 ebenfalls

415 2505 521 2562 der
559 2506 964 2563 cistercienser
998 2503 1138 2558 Text
1183 2518 1548 2575 vorgezogen
1598 2504 1828 2559 werden
1847 2545 1862 2573 ,
1925 2506 2038 2561 und
2084 2507 2228 2562 auch
2265 2506 2451 2562 dieser
2485 2508 2733 2578 Hymnus
2758 2508 3033 2581 «δασεῖαι,

416 2593 552 2650 dass
601 2594 684 2649 sie
719 2593 949 2648 bessere
985 2591 1392 2661 Hymnentexte
1439 2593 1635 2646 hatten
1683 2592 1771 2648 als
1809 2591 1897 2647 die
1935 2593 2323 2650 Benedictiner
2358 2595 2471 2652 und
2508 2595 2597 2649 die
2633 2595 3032 2654 Domkircheu.

417 2684 486 2735 12
525 2679 850 2753 languidum
883 2679 928 2733 Β
944 2719 959 2746 ,
1006 2678 1147 2733 aber
1183 2677 1466 2749 languidis
1503 2678 1846 2734 verbessert.
1917 2682 1985 2733 13
2023 2687 2254 2737 contere
2288 2681 2361 2750 L,
2398 2680 2845 2752 Schreibfehler,
2880 2683 3030 2740 denn

415 2768 509 2824 die
564 2765 1057 2840 angelsiichsische
1111 2765 1534 2837 Uebersetzung
1587 2766 1718 2820 beon
1755 2763 1939 2837 τοῦτ-μα
1979 2766 2222 2823 beweist
2268 2784 2345 2823 es.
2435 2772 2581 2824 13—
2602 2771 2670 2824 16
2724 2770 2917 2827 lauten
2964 2772 3031 2828 in

420 2857 705 2914 Valentiam
737 2852 1041 2926 hymnodia
1073 2869 1148 2908 ss.
1185 2859 1407 2923 patrum
1443 2852 1670 2923 (Venet.
1710 2853 1879 2923 1646)
1917 2870 1968 2924 p.
2005 2855 2112 2908 240
2146 2870 2292 2926 ganz
2328 2857 2697 2912 verschieden
2733 2858 2889 2913 also:

626 2942 883 3001 Concede
919 2947 1172 2997 nostrum
1207 2940 1428 2996 conteri
1875 2940 2056 3012 cnlpae
2092 2947 2154 2997 ut
2187 2942 2511 3015 relinquant
2544 2945 2810 3017 pabulum

625 3047 832 3102 corpus
869 3045 973 3101 per
1010 3027 1429 3095 abstinentiam,
1866 3027 2074 3101 jejuna
2108 3030 2286 3085 corda
2320 3031 2617 3088 criminum.

408 3119 576 3178 Diese
614 3115 864 3191 Strophe
898 3118 1044 3174 habe
1081 3117 1173 3172 ich
1208 3123 1371 3172 sonst
1405 3115 1674 3188 nirgends
1710 3113 2003 3187 gefunden.
2058 3120 2270 3172 17-20
2303 3118 2447 3174 ῙΞεει
2482 3119 2847 3176 valentianus
2869 3136 3026 3195 weg.

410 3210 482 3263 16
529 3209 603 3263 ab
660 3209 808 3263 omni
854 3208 986 3262 labe
1035 3223 1112 3261 cr.
1157 3205 1375 3265 AFMN.
1464 3207 1533 3260 19
1580 3211 1643 3260 ιιι
1689 3203 1835 3261 fehlt
1885 3207 1948 3262 D.
2001 3212 2065 3262 ut
2116 3206 2231 3262 sint
2281 3207 2653 3279 acceptabilia
2706 3207 2778 3277 L,
2832 3209 3027 3266 wahr-

411 3293 723 3350 scheinlich
758 3294 857 3349 des
892 3294 1114 3349 Reimes
1149 3309 1369 3365 wegen.

586 3413 653 3468 V.
690 3414 740 3469 8.
792 3414 1162 3470 Peccatorum
1195 3413 1454 3469 remissio
1491 3430 1605 3468 uon
1640 3413 1943 3485 probitatis
1979 3420 2066 3471 est
2100 3416 2384 3486 meritum,
2438 3417 2541 3473 sed
2573 3422 2904 3487 spontaneae
2941 3418 3028 3475 in-

407 3500 717 3572 dulgentiae
753 3500 1034 3556 voluntas.
1101 3501 1269 3556 Hilar.
1303 3501 1362 3555 in
1396 3516 1484 3570 ps.
1516 3502 1603 3570 66,
1639 3504 1690 3556 2.

579 3585 647 3641 V.
683 3588 731 3640 9.
765 3587 893 3641 Non
920 3591 977 3641 te
1004 3592 1246 3656 moveat,
1274 3587 1423 3658 quod
1449 3588 1841 3659 vituperantur
1868 3590 2068 3645 animae
2098 3591 2462 3663 peccatrices,
2489 3597 2550 3648 ut
2578 3593 2732 3649 dicas
2758 3594 2819 3648 in
2845 3595 3027 3651 corde

407 3680 527 3744 tuo,
573 3671 773 3728 melius
820 3668 1026 3743 fuisse,
1073 3671 1125 3726 si
1160 3688 1272 3727 non
1310 3680 1512 3729 essent.
1565 3676 1625 3729 in
1661 3676 1749 3731 sui
1784 3676 1928 3731 enim
1966 3680 2387 3749 comparatione
2421 3680 2842 3751 vituperantur,
2891 3682 3024 3740 dum

405 3761 725 3835 cogitatur,
779 3758 976 3830 quales
1030 3764 1246 3828 essent,
1309 3759 1361 3813 si
1415 3776 1655 3830 peccare
1701 3762 2026 3819 noluissent.
2076 3763 2364 3822 institutor
2414 3773 2599 3823 tamen
2647 3785 2843 3825 earum
2878 3771 3023 3827 deus

403 3847 842 3921 praeclarissime
877 3863 984 3918 pro
1019 3847 1258 3901 humana
1291 3843 1567 3903 facultate
1603 3848 1915 3905 laudandus
1951 3855 2054 3907 est.
2105 3853 2367 3924 Auyustin.
2405 3855 2474 3909 de
2500 3855 2595 3910 lib.
2624 3856 2790 3913 arbit.
2826 3860 2881 3928 3,
2902 3862 2953 3915 1.
2970 3861 3023 3914 2.

544 3933 610 3988 V.
647 3935 892 3988 13-16.
946 3935 1226 3990 Incassum
1273 3948 1411 3989 caro
1458 3935 1753 4008 atteritur,
1808 3937 1856 3994 si
1904 3954 1940 3993 a
1991 3939 2188 4009 pravis
2223 3941 2342 3996 suis
2376 3941 2764 4013 voluptatibus
2800 3947 3024 4002 animus

403 4038 521 4078 non
556 4019 913 4078 refraenatur.
983 4021 1201 4092 (ἕτερον.
1237 4022 1307 4077 Μ.
1363 4020 1509 4077 Ιιοιιι.
1542 4023 1599 4077 in
1636 4039 1724 4078 ev.
1760 4027 1810 4093 1,
1848 4026 1932 4094 16,
1968 4028 2019 4081 6.
2088 4027 2132 4082 E
2170 4026 2360 4083 vicino
2394 4028 2796 4086 abstinentiam
2832 4036 3026 4090 car-nb

405 4124 815 4182 nonnumquam
850 4125 999 4165 vana
1035 4108 1224 4182 gloria
1262 4108 1498 4165 obsidet.
1550 4111 1698 4166 Idem
1732 4111 1874 4168 hom.
1910 4113 1968 4167 in
2004 4129 2090 4168 ev.
2125 4117 2178 4183 2,
2213 4117 2300 4184 32,
2336 4118 2387 4172 3.

786 4413 903 4486 75.
956 4412 1339 4486 Dominica
1390 4412 1506 4485 111
1560 4410 2161 4512 quadragesimae,
2211 4414 2300 4487 ad
2349 4417 2613 4492 laudes.

398 4594 647 4664 Summi
690 4596 966 4680 largitor
1007 4600 1255 4680 praemii
1275 4648 1293 4682 ,
1757 4619 1990 4685 preces
2034 4601 2293 4668 intende
2338 4622 2675 4671 servorum

397 4720 554 4788 spes
599 4700 709 4785 qui
753 4719 827 4766 es
869 4699 1060 4767 unica
1101 4703 1351 4789 mundi,
1624 4761 1639 4778 s
1755 4704 1841 4770 ad
1896 4714 1961 4770 te
2009 4703 2245 4774 devote
2290 4709 2691 4777 clamantum.
