<?xml version="1.0" encoding="UTF-8"?>
<!DOCTYPE html PUBLIC "-//W3C//DTD XHTML 1.0 Transitional//EN"
    "http://www.w3.org/TR/xhtml1/DTD/xhtml1-transitional.dtd">
<html xmlns="http://www.w3.org/1999/xhtml" xml:lang="en" lang="en">
 <head>
  <title>
</title>
<meta http-equiv="Content-Type" content="text/html;charset=utf-8" />
  <meta name='ocr-system' content='tesseract 3.04.00' />
  <meta name='ocr-capabilities' content='ocr_page ocr_carea ocr_par ocr_line ocrx_word'/>
</head>
<body>
  <div class='ocr_page' id='page_1' title='image "./lateinischehymn00unkngoog_0255.png"; bbox 0 0 3159 5259; ppageno 0'>
   <div class='ocr_carea' id='block_1_1' title="bbox 191 496 2807 672">
    <p class='ocr_par' dir='ltr' id='par_1_1' title="bbox 191 496 2807 672">
     <span class='ocr_line' id='line_1_1' title="bbox 191 496 2807 593; baseline 0.003 -29"><span class='ocrx_word' id='word_1_1' title='bbox 191 500 255 564; x_wconf 70' lang='grc'>3.</span> <span class='ocrx_word' id='word_1_2' title='bbox 300 496 356 562; x_wconf 89' lang='lat'>0</span> <span class='ocrx_word' id='word_1_3' title='bbox 400 498 791 582; x_wconf 75' lang='lat' dir='ltr'>spiraculum</span> <span class='ocrx_word' id='word_1_4' title='bbox 835 497 1217 581; x_wconf 80' lang='lat' dir='ltr'>sanctitatis,</span> <span class='ocrx_word' id='word_1_5' title='bbox 1264 514 1306 563; x_wconf 92' lang='lat' dir='ltr'>o</span> <span class='ocrx_word' id='word_1_6' title='bbox 1348 498 1519 581; x_wconf 75' lang='lat' dir='ltr'>ignis</span> <span class='ocrx_word' id='word_1_7' title='bbox 1566 500 1875 585; x_wconf 77' lang='lat' dir='ltr'>caritatis,</span> <span class='ocrx_word' id='word_1_8' title='bbox 1921 518 1962 566; x_wconf 89' lang='lat' dir='ltr'>o</span> <span class='ocrx_word' id='word_1_9' title='bbox 2007 501 2212 570; x_wconf 79' lang='lat' dir='ltr'>dulcis</span> <span class='ocrx_word' id='word_1_10' title='bbox 2259 512 2486 588; x_wconf 59' lang='lat' dir='ltr'>gamus</span> <span class='ocrx_word' id='word_1_11' title='bbox 2530 506 2594 572; x_wconf 84' lang='lat' dir='ltr'>in</span> <span class='ocrx_word' id='word_1_12' title='bbox 2640 526 2807 593; x_wconf 81' lang='lat' dir='ltr'>peo-</span> 
     </span>
     <span class='ocr_line' id='line_1_2' title="bbox 307 598 2233 672; baseline 0.001 -4"><span class='ocrx_word' id='word_1_13' title='bbox 307 602 559 669; x_wconf 87' lang='lat' dir='ltr'>toribus</span> <span class='ocrx_word' id='word_1_14' title='bbox 606 610 672 667; x_wconf 90' lang='lat' dir='ltr'>et</span> <span class='ocrx_word' id='word_1_15' title='bbox 714 602 949 668; x_wconf 81' lang='lat' dir='ltr'><strong>infusio</strong></span> <span class='ocrx_word' id='word_1_16' title='bbox 996 598 1284 668; x_wconf 85' lang='lat' dir='ltr'>cordium</span> <span class='ocrx_word' id='word_1_17' title='bbox 1332 602 1394 667; x_wconf 88' lang='lat' dir='ltr'>in</span> <span class='ocrx_word' id='word_1_18' title='bbox 1437 602 1613 669; x_wconf 91' lang='lat' dir='ltr'>bono</span> <span class='ocrx_word' id='word_1_19' title='bbox 1657 602 1861 670; x_wconf 85' lang='lat' dir='ltr'>odore</span> <span class='ocrx_word' id='word_1_20' title='bbox 1897 602 2233 672; x_wconf 82' lang='lat' dir='ltr'>virtutum!</span> 
     </span>
    </p>
   </div>
   <div class='ocr_carea' id='block_1_2' title="bbox 191 762 2809 959">
    <p class='ocr_par' dir='ltr' id='par_1_2' title="bbox 191 762 2809 959">
     <span class='ocr_line' id='line_1_3' title="bbox 191 762 2809 862; baseline 0.003 -26"><span class='ocrx_word' id='word_1_21' title='bbox 191 770 256 838; x_wconf 61' lang='grc' dir='ltr'>ἢ.</span> <span class='ocrx_word' id='word_1_22' title='bbox 299 767 360 834; x_wconf 79' lang='grc'>0</span> <span class='ocrx_word' id='word_1_23' title='bbox 399 767 548 834; x_wconf 74' lang='lat' dir='ltr'>fons</span> <span class='ocrx_word' id='word_1_24' title='bbox 591 769 1001 854; x_wconf 76' lang='lat' dir='ltr'>purissimus,</span> <span class='ocrx_word' id='word_1_25' title='bbox 1044 768 1112 832; x_wconf 80' lang='lat' dir='ltr'>in</span> <span class='ocrx_word' id='word_1_26' title='bbox 1158 785 1288 852; x_wconf 78' lang='lat' dir='ltr'>quo</span> <span class='ocrx_word' id='word_1_27' title='bbox 1329 767 1795 847; x_wconf 72' lang='lat' dir='ltr'>consideratur,</span> <span class='ocrx_word' id='word_1_28' title='bbox 1841 762 2017 852; x_wconf 80' lang='lat' dir='ltr'>quod</span> <span class='ocrx_word' id='word_1_29' title='bbox 2060 770 2222 836; x_wconf 77' lang='lat' dir='ltr'>deus</span> <span class='ocrx_word' id='word_1_30' title='bbox 2267 774 2514 840; x_wconf 84' lang='lat' dir='ltr'>alienos</span> <span class='ocrx_word' id='word_1_31' title='bbox 2560 777 2809 862; x_wconf 76' lang='lat' dir='ltr'>colligit</span> 
     </span>
     <span class='ocr_line' id='line_1_4' title="bbox 300 868 1035 959; baseline -0.001 -20"><span class='ocrx_word' id='word_1_32' title='bbox 300 880 369 939; x_wconf 83' lang='lat' dir='ltr'>et</span> <span class='ocrx_word' id='word_1_33' title='bbox 409 868 704 959; x_wconf 85' lang='lat' dir='ltr'>perditos</span> <span class='ocrx_word' id='word_1_34' title='bbox 745 874 1035 957; x_wconf 82' lang='lat' dir='ltr'><strong>requirit.</strong></span> 
     </span>
    </p>
   </div>
   <div class='ocr_carea' id='block_1_3' title="bbox 190 1032 2803 1226">
    <p class='ocr_par' dir='ltr' id='par_1_3' title="bbox 190 1032 2803 1226">
     <span class='ocr_line' id='line_1_5' title="bbox 190 1032 2803 1130; baseline 0.005 -28"><span class='ocrx_word' id='word_1_35' title='bbox 190 1032 253 1102; x_wconf 72' lang='grc'>8.</span> <span class='ocrx_word' id='word_1_36' title='bbox 299 1033 356 1100; x_wconf 86' lang='lat'>0</span> <span class='ocrx_word' id='word_1_37' title='bbox 398 1033 606 1101; x_wconf 87' lang='lat' dir='ltr'>lorica</span> <span class='ocrx_word' id='word_1_38' title='bbox 647 1036 804 1103; x_wconf 80' lang='lat' dir='ltr'>vitae</span> <span class='ocrx_word' id='word_1_39' title='bbox 862 1045 930 1103; x_wconf 89' lang='lat' dir='ltr'>et</span> <span class='ocrx_word' id='word_1_40' title='bbox 985 1056 1139 1123; x_wconf 86' lang='lat' dir='ltr'>spes</span> <span class='ocrx_word' id='word_1_41' title='bbox 1185 1034 1587 1124; x_wconf 78' lang='lat' dir='ltr'><strong>compaginis</strong></span> <span class='ocrx_word' id='word_1_42' title='bbox 1629 1038 2063 1109; x_wconf 83' lang='lat' dir='ltr'>membrorum</span> <span class='ocrx_word' id='word_1_43' title='bbox 2110 1044 2386 1109; x_wconf 89' lang='lat' dir='ltr'>omnium</span> <span class='ocrx_word' id='word_1_44' title='bbox 2405 1095 2423 1130; x_wconf 91' lang='lat'>,</span> <span class='ocrx_word' id='word_1_45' title='bbox 2487 1054 2554 1111; x_wconf 85' lang='lat' dir='ltr'>et</span> <span class='ocrx_word' id='word_1_46' title='bbox 2599 1062 2639 1112; x_wconf 95' lang='lat' dir='ltr'>o</span> <span class='ocrx_word' id='word_1_47' title='bbox 2687 1066 2803 1113; x_wconf 84' lang='lat' dir='ltr'>an·</span> 
     </span>
     <span class='ocr_line' id='line_1_6' title="bbox 295 1140 1480 1226; baseline -0.002 -17"><span class='ocrx_word' id='word_1_48' title='bbox 295 1141 520 1225; x_wconf 73' lang='lat' dir='ltr'>gulum</span> <span class='ocrx_word' id='word_1_49' title='bbox 563 1140 948 1226; x_wconf 87' lang='lat' dir='ltr'>honestatis,</span> <span class='ocrx_word' id='word_1_50' title='bbox 985 1144 1169 1208; x_wconf 85' lang='lat' dir='ltr'>salva</span> <span class='ocrx_word' id='word_1_51' title='bbox 1213 1142 1480 1209; x_wconf 85' lang='lat' dir='ltr'>beatos!</span> 
     </span>
    </p>
   </div>
   <div class='ocr_carea' id='block_1_4' title="bbox 188 1304 2802 1483">
    <p class='ocr_par' dir='ltr' id='par_1_4' title="bbox 188 1304 2802 1483">
     <span class='ocr_line' id='line_1_7' title="bbox 188 1304 2802 1392; baseline 0.001 -19"><span class='ocrx_word' id='word_1_52' title='bbox 188 1309 252 1373; x_wconf 73' lang='grc'>6.</span> <span class='ocrx_word' id='word_1_53' title='bbox 300 1304 570 1371; x_wconf 78' lang='lat' dir='ltr'><strong>Custodi</strong></span> <span class='ocrx_word' id='word_1_54' title='bbox 616 1322 762 1385; x_wconf 89' lang='lat' dir='ltr'>eos,</span> <span class='ocrx_word' id='word_1_55' title='bbox 822 1304 931 1387; x_wconf 90' lang='lat' dir='ltr'>qui</span> <span class='ocrx_word' id='word_1_56' title='bbox 975 1304 1295 1369; x_wconf 86' lang='lat' dir='ltr'>carcerati</span> <span class='ocrx_word' id='word_1_57' title='bbox 1338 1313 1486 1371; x_wconf 89' lang='lat' dir='ltr'>sunt</span> <span class='ocrx_word' id='word_1_58' title='bbox 1529 1307 1613 1371; x_wconf 85' lang='lat' dir='ltr'>ab</span> <span class='ocrx_word' id='word_1_59' title='bbox 1657 1305 1913 1371; x_wconf 90' lang='lat' dir='ltr'>inimico</span> <span class='ocrx_word' id='word_1_60' title='bbox 1959 1313 2026 1371; x_wconf 90' lang='lat' dir='ltr'>et</span> <span class='ocrx_word' id='word_1_61' title='bbox 2071 1307 2256 1371; x_wconf 85' lang='lat' dir='ltr'>solve</span> <span class='ocrx_word' id='word_1_62' title='bbox 2302 1307 2575 1392; x_wconf 82' lang='lat' dir='ltr'>ligatos,</span> <span class='ocrx_word' id='word_1_63' title='bbox 2638 1324 2802 1392; x_wconf 86' lang='lat' dir='ltr'>quos</span> 
     </span>
     <span class='ocr_line' id='line_1_8' title="bbox 296 1406 1180 1483; baseline -0.007 -9"><span class='ocrx_word' id='word_1_64' title='bbox 296 1410 517 1474; x_wconf 82' lang='lat' dir='ltr'>divina</span> <span class='ocrx_word' id='word_1_65' title='bbox 558 1409 662 1472; x_wconf 87' lang='lat' dir='ltr'>vis</span> <span class='ocrx_word' id='word_1_66' title='bbox 705 1408 964 1472; x_wconf 84' lang='lat' dir='ltr'>salvare</span> <span class='ocrx_word' id='word_1_67' title='bbox 1008 1406 1180 1483; x_wconf 77' lang='lat' dir='ltr'>vult!</span> 
     </span>
    </p>
   </div>
   <div class='ocr_carea' id='block_1_5' title="bbox 190 1565 2793 1762">
    <p class='ocr_par' dir='ltr' id='par_1_5' title="bbox 190 1565 2793 1762">
     <span class='ocr_line' id='line_1_9' title="bbox 190 1565 2793 1651; baseline 0.002 -15"><span class='ocrx_word' id='word_1_68' title='bbox 190 1574 251 1637; x_wconf 82' lang='grc'>7.</span> <span class='ocrx_word' id='word_1_69' title='bbox 301 1567 355 1633; x_wconf 91' lang='grc' dir='ltr'>Ο</span> <span class='ocrx_word' id='word_1_70' title='bbox 399 1571 523 1634; x_wconf 86' lang='lat' dir='ltr'>iter</span> <span class='ocrx_word' id='word_1_71' title='bbox 567 1568 1008 1651; x_wconf 80' lang='lat' dir='ltr'>fortissimum,</span> <span class='ocrx_word' id='word_1_72' title='bbox 1069 1566 1243 1650; x_wconf 91' lang='lat' dir='ltr'>quod</span> <span class='ocrx_word' id='word_1_73' title='bbox 1287 1565 1660 1651; x_wconf 86' lang='lat' dir='ltr'>penetravit</span> <span class='ocrx_word' id='word_1_74' title='bbox 1702 1570 1915 1633; x_wconf 86' lang='lat' dir='ltr'>omnia</span> <span class='ocrx_word' id='word_1_75' title='bbox 1958 1567 2022 1630; x_wconf 91' lang='lat' dir='ltr'>in</span> <span class='ocrx_word' id='word_1_76' title='bbox 2070 1569 2392 1637; x_wconf 81' lang='lat' dir='ltr'>altissimis</span> <span class='ocrx_word' id='word_1_77' title='bbox 2439 1583 2506 1640; x_wconf 91' lang='lat' dir='ltr'>et</span> <span class='ocrx_word' id='word_1_78' title='bbox 2547 1576 2614 1640; x_wconf 87' lang='lat' dir='ltr'>in</span> <span class='ocrx_word' id='word_1_79' title='bbox 2657 1583 2793 1642; x_wconf 86' lang='lat' dir='ltr'>ter-</span> 
     </span>
     <span class='ocr_line' id='line_1_10' title="bbox 295 1671 2619 1762; baseline 0.002 -23"><span class='ocrx_word' id='word_1_80' title='bbox 295 1674 472 1738; x_wconf 88' lang='lat' dir='ltr'>renis</span> <span class='ocrx_word' id='word_1_81' title='bbox 517 1682 585 1738; x_wconf 85' lang='lat' dir='ltr'>et</span> <span class='ocrx_word' id='word_1_82' title='bbox 625 1675 692 1736; x_wconf 89' lang='lat' dir='ltr'>in</span> <span class='ocrx_word' id='word_1_83' title='bbox 737 1672 1029 1737; x_wconf 81' lang='lat' dir='ltr'>omnibus</span> <span class='ocrx_word' id='word_1_84' title='bbox 1074 1671 1359 1753; x_wconf 85' lang='lat' dir='ltr'>abyssis,</span> <span class='ocrx_word' id='word_1_85' title='bbox 1406 1688 1549 1734; x_wconf 85' lang='lat' dir='ltr'>cum</span> <span class='ocrx_word' id='word_1_86' title='bbox 1594 1688 1815 1734; x_wconf 87' lang='lat' dir='ltr'>omnes</span> <span class='ocrx_word' id='word_1_87' title='bbox 1861 1677 2190 1757; x_wconf 91' lang='lat' dir='ltr'>componis</span> <span class='ocrx_word' id='word_1_88' title='bbox 2235 1685 2302 1741; x_wconf 87' lang='lat' dir='ltr'>et</span> <span class='ocrx_word' id='word_1_89' title='bbox 2346 1679 2619 1762; x_wconf 76' lang='lat' dir='ltr'>colligis.</span> 
     </span>
    </p>
   </div>
   <div class='ocr_carea' id='block_1_6' title="bbox 189 1835 2797 2009">
    <p class='ocr_par' dir='ltr' id='par_1_6' title="bbox 189 1835 2797 2009">
     <span class='ocr_line' id='line_1_11' title="bbox 189 1835 2797 1926; baseline 0.002 -22"><span class='ocrx_word' id='word_1_90' title='bbox 189 1841 254 1904; x_wconf 85' lang='lat'>8.</span> <span class='ocrx_word' id='word_1_91' title='bbox 299 1838 398 1904; x_wconf 88' lang='lat' dir='ltr'>De</span> <span class='ocrx_word' id='word_1_92' title='bbox 445 1847 510 1904; x_wconf 86' lang='lat' dir='ltr'>te</span> <span class='ocrx_word' id='word_1_93' title='bbox 555 1841 759 1903; x_wconf 90' lang='lat' dir='ltr'>nubes</span> <span class='ocrx_word' id='word_1_94' title='bbox 803 1836 1035 1918; x_wconf 84' lang='lat' dir='ltr'>fluunt,</span> <span class='ocrx_word' id='word_1_95' title='bbox 1079 1835 1289 1900; x_wconf 74' lang='lat' dir='ltr'>aether</span> <span class='ocrx_word' id='word_1_96' title='bbox 1330 1836 1530 1919; x_wconf 85' lang='lat' dir='ltr'>volat,</span> <span class='ocrx_word' id='word_1_97' title='bbox 1574 1835 1828 1920; x_wconf 90' lang='lat' dir='ltr'>lapides</span> <span class='ocrx_word' id='word_1_98' title='bbox 1871 1836 2202 1904; x_wconf 87' lang='lat' dir='ltr'>humorem</span> <span class='ocrx_word' id='word_1_99' title='bbox 2250 1837 2558 1925; x_wconf 84' lang='lat' dir='ltr'>habent¹,</span> <span class='ocrx_word' id='word_1_100' title='bbox 2607 1861 2797 1926; x_wconf 73' lang='lat' dir='ltr'>aquae</span> 
     </span>
     <span class='ocr_line' id='line_1_12' title="bbox 293 1941 1884 2009; baseline -0.002 -1"><span class='ocrx_word' id='word_1_101' title='bbox 293 1945 541 2009; x_wconf 85' lang='lat' dir='ltr'>rivulos</span> <span class='ocrx_word' id='word_1_102' title='bbox 586 1943 867 2009; x_wconf 78' lang='lat' dir='ltr'>educunt</span> <span class='ocrx_word' id='word_1_103' title='bbox 907 1949 978 2005; x_wconf 82' lang='lat' dir='ltr'>et</span> <span class='ocrx_word' id='word_1_104' title='bbox 1019 1948 1198 2006; x_wconf 75' lang='lat' dir='ltr'>terra</span> <span class='ocrx_word' id='word_1_105' title='bbox 1242 1942 1631 2006; x_wconf 79' lang='lat' dir='ltr'>viriditatem</span> <span class='ocrx_word' id='word_1_106' title='bbox 1677 1941 1884 2006; x_wconf 88' lang='lat' dir='ltr'>sudat.</span> 
     </span>
    </p>
   </div>
   <div class='ocr_carea' id='block_1_7' title="bbox 189 2097 2795 2271">
    <p class='ocr_par' dir='ltr' id='par_1_7' title="bbox 189 2097 2795 2271">
     <span class='ocr_line' id='line_1_13' title="bbox 189 2097 2795 2191; baseline 0.002 -22"><span class='ocrx_word' id='word_1_107' title='bbox 189 2104 252 2169; x_wconf 77' lang='lat'>9.</span> <span class='ocrx_word' id='word_1_108' title='bbox 302 2101 399 2166; x_wconf 87' lang='lat' dir='ltr'>Tu</span> <span class='ocrx_word' id='word_1_109' title='bbox 444 2103 636 2166; x_wconf 86' lang='lat' dir='ltr'>etiam</span> <span class='ocrx_word' id='word_1_110' title='bbox 678 2120 936 2185; x_wconf 78' lang='lat' dir='ltr'>semper</span> <span class='ocrx_word' id='word_1_111' title='bbox 981 2097 1202 2166; x_wconf 86' lang='lat' dir='ltr'>educis</span> <span class='ocrx_word' id='word_1_112' title='bbox 1248 2098 1507 2183; x_wconf 85' lang='lat' dir='ltr'>doctos,</span> <span class='ocrx_word' id='word_1_113' title='bbox 1544 2120 1666 2184; x_wconf 88' lang='lat' dir='ltr'>per</span> <span class='ocrx_word' id='word_1_114' title='bbox 1710 2101 2198 2185; x_wconf 79' lang='lat' dir='ltr'>inspirationem</span> <span class='ocrx_word' id='word_1_115' title='bbox 2241 2108 2580 2191; x_wconf 81' lang='lat' dir='ltr'>sapientiae</span> <span class='ocrx_word' id='word_1_116' title='bbox 2625 2110 2795 2175; x_wconf 86' lang='lat' dir='ltr'>laeti·</span> 
     </span>
     <span class='ocr_line' id='line_1_14' title="bbox 293 2206 544 2271; baseline -0.012 0"><span class='ocrx_word' id='word_1_117' title='bbox 293 2206 544 2271; x_wconf 87' lang='lat' dir='ltr'>ficatos.</span> 
     </span>
    </p>
   </div>
   <div class='ocr_carea' id='block_1_8' title="bbox 185 2334 2797 2557">
    <p class='ocr_par' dir='ltr' id='par_1_8' title="bbox 185 2334 2797 2557">
     <span class='ocr_line' id='line_1_15' title="bbox 185 2334 2797 2463; baseline 0.005 -30"><span class='ocrx_word' id='word_1_118' title='bbox 185 2369 291 2433; x_wconf 82' lang='lat'>10.</span> <span class='ocrx_word' id='word_1_119' title='bbox 337 2365 528 2433; x_wconf 87' lang='lat' dir='ltr'>Unde</span> <span class='ocrx_word' id='word_1_120' title='bbox 572 2368 714 2432; x_wconf 87' lang='lat' dir='ltr'>laus</span> <span class='ocrx_word' id='word_1_121' title='bbox 758 2367 875 2433; x_wconf 89' lang='lat' dir='ltr'>tibi</span> <span class='ocrx_word' id='word_1_122' title='bbox 919 2368 1021 2449; x_wconf 86' lang='lat' dir='ltr'>sit,</span> <span class='ocrx_word' id='word_1_123' title='bbox 1069 2334 1186 2450; x_wconf 74' lang='lat' dir='ltr'>qui</span> <span class='ocrx_word' id='word_1_124' title='bbox 1221 2384 1295 2430; x_wconf 85' lang='lat' dir='ltr'>es</span> <span class='ocrx_word' id='word_1_125' title='bbox 1340 2385 1537 2432; x_wconf 91' lang='lat' dir='ltr'>sonus</span> <span class='ocrx_word' id='word_1_126' title='bbox 1581 2366 1791 2433; x_wconf 88' lang='lat' dir='ltr'>laudis</span> <span class='ocrx_word' id='word_1_127' title='bbox 1836 2376 1904 2435; x_wconf 87' lang='lat' dir='ltr'>et</span> <span class='ocrx_word' id='word_1_128' title='bbox 1947 2370 2252 2453; x_wconf 73' lang='lat' dir='ltr'>gaudium</span> <span class='ocrx_word' id='word_1_129' title='bbox 2296 2376 2482 2460; x_wconf 66' lang='lat' dir='ltr'>vitae,</span> <span class='ocrx_word' id='word_1_130' title='bbox 2526 2392 2681 2463; x_wconf 69' lang='lat' dir='ltr'>spes</span> <span class='ocrx_word' id='word_1_131' title='bbox 2727 2387 2797 2445; x_wconf 90' lang='lat' dir='ltr'>et</span> 
     </span>
     <span class='ocr_line' id='line_1_16' title="bbox 291 2471 1692 2557; baseline 0.001 -21"><span class='ocrx_word' id='word_1_132' title='bbox 291 2472 500 2538; x_wconf 89' lang='lat' dir='ltr'>honor</span> <span class='ocrx_word' id='word_1_133' title='bbox 543 2472 944 2556; x_wconf 80' lang='lat' dir='ltr'>fortissimus,</span> <span class='ocrx_word' id='word_1_134' title='bbox 988 2471 1155 2537; x_wconf 82' lang='lat' dir='ltr'>dans</span> <span class='ocrx_word' id='word_1_135' title='bbox 1197 2472 1470 2557; x_wconf 82' lang='lat' dir='ltr'>praemia</span> <span class='ocrx_word' id='word_1_136' title='bbox 1512 2471 1692 2537; x_wconf 86' lang='lat' dir='ltr'>lucis.</span> 
     </span>
    </p>
   </div>
   <div class='ocr_carea' id='block_1_9' title="bbox 173 2635 2793 3242">
    <p class='ocr_par' dir='ltr' id='par_1_9' title="bbox 173 2635 2793 3242">
     <span class='ocr_line' id='line_1_17' title="bbox 357 2635 2791 2721; baseline 0.007 -28"><span class='ocrx_word' id='word_1_137' title='bbox 357 2637 452 2694; x_wconf 81' lang='lat' dir='ltr'>Hs.</span> <span class='ocrx_word' id='word_1_138' title='bbox 488 2656 558 2693; x_wconf 77' lang='lat' dir='ltr'>zu</span> <span class='ocrx_word' id='word_1_139' title='bbox 595 2638 975 2707; x_wconf 86' lang='lat' dir='ltr'>Wiesbaden,</span> <span class='ocrx_word' id='word_1_140' title='bbox 1039 2641 1108 2693; x_wconf 85' lang='lat'>12</span> <span class='ocrx_word' id='word_1_141' title='bbox 1144 2639 1366 2707; x_wconf 63' lang='lat' dir='ltr'>Jahrb„</span> <span class='ocrx_word' id='word_1_142' title='bbox 1430 2637 1618 2693; x_wconf 85' lang='lat' dir='ltr'>worin</span> <span class='ocrx_word' id='word_1_143' title='bbox 1664 2637 1754 2693; x_wconf 86' lang='lat' dir='ltr'>die</span> <span class='ocrx_word' id='word_1_144' title='bbox 1790 2635 1982 2696; x_wconf 87' lang='lat' dir='ltr'>Briefe</span> <span class='ocrx_word' id='word_1_145' title='bbox 2030 2645 2134 2701; x_wconf 70' lang='lat' dir='ltr'>der</span> <span class='ocrx_word' id='word_1_146' title='bbox 2182 2647 2232 2701; x_wconf 71' lang='lat' dir='ltr'>h.</span> <span class='ocrx_word' id='word_1_147' title='bbox 2270 2648 2595 2721; x_wconf 73' lang='lat' dir='ltr'>Hildegart,</span> <span class='ocrx_word' id='word_1_148' title='bbox 2657 2666 2791 2711; x_wconf 83' lang='lat' dir='ltr'>vom</span> 
     </span>
     <span class='ocr_line' id='line_1_18' title="bbox 175 2722 2793 2800; baseline 0.006 -16"><span class='ocrx_word' id='word_1_149' title='bbox 175 2722 419 2784; x_wconf 67' lang='lat' dir='ltr'>moster</span> <span class='ocrx_word' id='word_1_150' title='bbox 452 2726 843 2799; x_wconf 74' lang='lat' dir='ltr'>Rupertsberg</span> <span class='ocrx_word' id='word_1_151' title='bbox 877 2726 969 2782; x_wconf 80' lang='lat' dir='ltr'>bei</span> <span class='ocrx_word' id='word_1_152' title='bbox 1003 2726 1237 2798; x_wconf 62' lang='lat' dir='ltr'>ningen,</span> <span class='ocrx_word' id='word_1_153' title='bbox 1272 2728 1375 2782; x_wconf 74' lang='lat' dir='ltr'>nit</span> <span class='ocrx_word' id='word_1_154' title='bbox 1407 2727 1511 2781; x_wconf 83' lang='lat' dir='ltr'>der</span> <span class='ocrx_word' id='word_1_155' title='bbox 1543 2727 1800 2783; x_wconf 79' lang='lat' dir='ltr'>Melodie.</span> <span class='ocrx_word' id='word_1_156' title='bbox 1870 2728 2367 2792; x_wconf 82' lang='lat' dir='ltr'>Wahrscheinlich</span> <span class='ocrx_word' id='word_1_157' title='bbox 2401 2738 2478 2794; x_wconf 83' lang='lat' dir='ltr'>ist</span> <span class='ocrx_word' id='word_1_158' title='bbox 2526 2740 2629 2797; x_wconf 73' lang='lat' dir='ltr'>das</span> <span class='ocrx_word' id='word_1_159' title='bbox 2652 2743 2793 2800; x_wconf 83' lang='lat' dir='ltr'>Lied</span> 
     </span>
     <span class='ocr_line' id='line_1_19' title="bbox 176 2815 2792 2886; baseline 0.006 -15"><span class='ocrx_word' id='word_1_160' title='bbox 176 2816 327 2871; x_wconf 74' lang='lat' dir='ltr'>auch</span> <span class='ocrx_word' id='word_1_161' title='bbox 372 2831 488 2870; x_wconf 83' lang='lat' dir='ltr'>von</span> <span class='ocrx_word' id='word_1_162' title='bbox 535 2816 640 2873; x_wconf 85' lang='lat' dir='ltr'>ihr.</span> <span class='ocrx_word' id='word_1_163' title='bbox 737 2817 798 2875; x_wconf 82' lang='lat' dir='ltr'>ln</span> <span class='ocrx_word' id='word_1_164' title='bbox 850 2815 958 2872; x_wconf 84' lang='lat' dir='ltr'>den</span> <span class='ocrx_word' id='word_1_165' title='bbox 1007 2816 1299 2872; x_wconf 69' lang='lat' dir='ltr'>einzelnen</span> <span class='ocrx_word' id='word_1_166' title='bbox 1349 2817 1636 2874; x_wconf 72' lang='lat' dir='ltr'>Absatwn</span> <span class='ocrx_word' id='word_1_167' title='bbox 1690 2817 1879 2872; x_wconf 81' lang='lat' dir='ltr'>lassen</span> <span class='ocrx_word' id='word_1_168' title='bbox 1933 2818 2053 2874; x_wconf 89' lang='lat' dir='ltr'>sich</span> <span class='ocrx_word' id='word_1_169' title='bbox 2105 2822 2229 2877; x_wconf 82' lang='lat' dir='ltr'>wol</span> <span class='ocrx_word' id='word_1_170' title='bbox 2263 2825 2629 2883; x_wconf 76' lang='lat' dir='ltr'>Assonanzen</span> <span class='ocrx_word' id='word_1_171' title='bbox 2677 2830 2792 2886; x_wconf 85' lang='lat' dir='ltr'>und</span> 
     </span>
     <span class='ocr_line' id='line_1_20' title="bbox 175 2902 2787 2980; baseline 0.006 -23"><span class='ocrx_word' id='word_1_172' title='bbox 175 2902 370 2958; x_wconf 82' lang='lat' dir='ltr'>Reime</span> <span class='ocrx_word' id='word_1_173' title='bbox 407 2905 837 2973; x_wconf 84' lang='lat' dir='ltr'>wahrnehmen,</span> <span class='ocrx_word' id='word_1_174' title='bbox 889 2904 1028 2961; x_wconf 86' lang='lat' dir='ltr'>aber</span> <span class='ocrx_word' id='word_1_175' title='bbox 1064 2903 1226 2961; x_wconf 80' lang='lat' dir='ltr'>keine</span> <span class='ocrx_word' id='word_1_176' title='bbox 1263 2905 1712 2977; x_wconf 66' lang='lat' dir='ltr'>regelmfissigen</span> <span class='ocrx_word' id='word_1_177' title='bbox 1753 2905 2039 2978; x_wconf 87' lang='lat' dir='ltr'>Strophen</span> <span class='ocrx_word' id='word_1_178' title='bbox 2079 2904 2393 2980; x_wconf 80' lang='lat' dir='ltr'>abtheilen‚</span> <span class='ocrx_word' id='word_1_179' title='bbox 2438 2914 2549 2967; x_wconf 81' lang='lat' dir='ltr'>wie</span> <span class='ocrx_word' id='word_1_180' title='bbox 2585 2915 2643 2969; x_wconf 91' lang='lat' dir='ltr'>in</span> <span class='ocrx_word' id='word_1_181' title='bbox 2678 2917 2787 2973; x_wconf 83' lang='lat' dir='ltr'>den</span> 
     </span>
     <span class='ocr_line' id='line_1_21' title="bbox 176 2991 2791 3069; baseline 0.004 -20"><span class='ocrx_word' id='word_1_182' title='bbox 176 2992 497 3063; x_wconf 76' lang='lat' dir='ltr'>Troparieu</span> <span class='ocrx_word' id='word_1_183' title='bbox 533 2991 645 3047; x_wconf 90' lang='lat' dir='ltr'>und</span> <span class='ocrx_word' id='word_1_184' title='bbox 680 2994 891 3048; x_wconf 88' lang='lat' dir='ltr'>andern</span> <span class='ocrx_word' id='word_1_185' title='bbox 929 2992 1257 3063; x_wconf 83' lang='lat' dir='ltr'>Sequenzeu</span> <span class='ocrx_word' id='word_1_186' title='bbox 1278 3036 1292 3063; x_wconf 93' lang='lat'>‚</span> <span class='ocrx_word' id='word_1_187' title='bbox 1328 2994 1631 3065; x_wconf 83' lang='lat' dir='ltr'>Hildegart</span> <span class='ocrx_word' id='word_1_188' title='bbox 1667 2996 1884 3053; x_wconf 88' lang='lat' dir='ltr'>scheint</span> <span class='ocrx_word' id='word_1_189' title='bbox 1921 2997 2094 3052; x_wconf 81' lang='lat' dir='ltr'>daher</span> <span class='ocrx_word' id='word_1_190' title='bbox 2131 2998 2221 3052; x_wconf 81' lang='lat' dir='ltr'>die</span> <span class='ocrx_word' id='word_1_191' title='bbox 2256 2998 2475 3069; x_wconf 72' lang='lat' dir='ltr'>Regeln</span> <span class='ocrx_word' id='word_1_192' title='bbox 2512 3000 2611 3055; x_wconf 79' lang='lat' dir='ltr'>der</span> <span class='ocrx_word' id='word_1_193' title='bbox 2647 3004 2791 3060; x_wconf 89' lang='lat' dir='ltr'>Not-</span> 
     </span>
     <span class='ocr_line' id='line_1_22' title="bbox 173 3078 2791 3152; baseline 0.004 -17"><span class='ocrx_word' id='word_1_194' title='bbox 173 3078 479 3135; x_wconf 82' lang='lat' dir='ltr'>kerischen</span> <span class='ocrx_word' id='word_1_195' title='bbox 515 3080 840 3151; x_wconf 85' lang='lat' dir='ltr'>Sequenzen</span> <span class='ocrx_word' id='word_1_196' title='bbox 875 3080 1033 3135; x_wconf 89' lang='lat' dir='ltr'>nicht</span> <span class='ocrx_word' id='word_1_197' title='bbox 1064 3081 1223 3134; x_wconf 86' lang='lat' dir='ltr'>mehr</span> <span class='ocrx_word' id='word_1_198' title='bbox 1261 3081 1510 3152; x_wconf 83' lang='lat' dir='ltr'>gekannt</span> <span class='ocrx_word' id='word_1_199' title='bbox 1545 3099 1616 3136; x_wconf 82' lang='lat' dir='ltr'>zu</span> <span class='ocrx_word' id='word_1_200' title='bbox 1652 3083 1836 3139; x_wconf 80' lang='lat' dir='ltr'>haben</span> <span class='ocrx_word' id='word_1_201' title='bbox 1882 3085 1996 3140; x_wconf 82' lang='lat' dir='ltr'>und</span> <span class='ocrx_word' id='word_1_202' title='bbox 2031 3083 2131 3140; x_wconf 78' lang='lat' dir='ltr'>hat</span> <span class='ocrx_word' id='word_1_203' title='bbox 2167 3085 2247 3140; x_wconf 86' lang='lat' dir='ltr'>sie</span> <span class='ocrx_word' id='word_1_204' title='bbox 2285 3083 2378 3140; x_wconf 69' lang='lat' dir='ltr'>fur</span> <span class='ocrx_word' id='word_1_205' title='bbox 2413 3089 2791 3146; x_wconf 74' lang='lat' dir='ltr'>umtrischo</span> 
     </span>
     <span class='ocr_line' id='line_1_23' title="bbox 173 3168 1742 3242; baseline 0 -16"><span class='ocrx_word' id='word_1_206' title='bbox 173 3168 446 3226; x_wconf 84' lang='lat' dir='ltr'>Gedichte</span> <span class='ocrx_word' id='word_1_207' title='bbox 483 3170 749 3242; x_wconf 75' lang='lat' dir='ltr'>gehalten</span> <span class='ocrx_word' id='word_1_208' title='bbox 785 3170 897 3224; x_wconf 81' lang='lat' dir='ltr'>wie</span> <span class='ocrx_word' id='word_1_209' title='bbox 934 3169 1023 3223; x_wconf 82' lang='lat' dir='ltr'>die</span> <span class='ocrx_word' id='word_1_210' title='bbox 1060 3168 1430 3224; x_wconf 87' lang='lat' dir='ltr'>lateinischen</span> <span class='ocrx_word' id='word_1_211' title='bbox 1465 3169 1742 3226; x_wconf 82' lang='lat' dir='ltr'>Psalmen.</span> 
     </span>
    </p>
   </div>
   <div class='ocr_carea' id='block_1_10' title="bbox 354 3292 723 3351">
    <p class='ocr_par' dir='ltr' id='par_1_10' title="bbox 354 3292 723 3351">
     <span class='ocr_line' id='line_1_24' title="bbox 354 3292 723 3351; baseline 0.003 -3"><span class='ocrx_word' id='word_1_212' title='bbox 354 3296 384 3348; x_wconf 87' lang='lat'>1</span> <span class='ocrx_word' id='word_1_213' title='bbox 423 3294 595 3350; x_wconf 85' lang='lat' dir='ltr'>habet</span> <span class='ocrx_word' id='word_1_214' title='bbox 629 3292 723 3351; x_wconf 79' lang='lat' dir='ltr'>Hs.</span> 
     </span>
    </p>
   </div>
   <div class='ocr_carea' id='block_1_11' title="bbox 163 3413 2789 4021">
    <p class='ocr_par' dir='ltr' id='par_1_11' title="bbox 163 3413 2789 3932">
     <span class='ocr_line' id='line_1_25' title="bbox 354 3413 2789 3492; baseline -0.001 -14"><span class='ocrx_word' id='word_1_215' title='bbox 354 3418 485 3478; x_wconf 80' lang='lat' dir='ltr'>Abs.</span> <span class='ocrx_word' id='word_1_216' title='bbox 524 3423 572 3476; x_wconf 88' lang='lat'>1.</span> <span class='ocrx_word' id='word_1_217' title='bbox 624 3421 685 3475; x_wconf 90' lang='lat' dir='ltr'>ln</span> <span class='ocrx_word' id='word_1_218' title='bbox 722 3418 825 3473; x_wconf 89' lang='lat' dir='ltr'>den</span> <span class='ocrx_word' id='word_1_219' title='bbox 854 3418 1089 3474; x_wconf 61' lang='lat' dir='ltr'>Menneu</span> <span class='ocrx_word' id='word_1_220' title='bbox 1126 3415 1471 3492; x_wconf 71' lang='grc' dir='ltr'><strong><em>παντουργόν</em></strong></span> <span class='ocrx_word' id='word_1_221' title='bbox 1507 3413 1737 3488; x_wconf 76' lang='grc' dir='ltr'><strong>πνεῦμα.</strong></span> <span class='ocrx_word' id='word_1_222' title='bbox 1785 3415 1927 3471; x_wconf 80' lang='lat' dir='ltr'>Nov.</span> <span class='ocrx_word' id='word_1_223' title='bbox 1960 3419 2037 3472; x_wconf 77' lang='lat'>1⁷.</span> <span class='ocrx_word' id='word_1_224' title='bbox 2094 3417 2340 3488; x_wconf 85' lang='lat' dir='ltr'>Spiritus</span> <span class='ocrx_word' id='word_1_225' title='bbox 2377 3425 2603 3475; x_wconf 87' lang='lat' dir='ltr'>sanctus</span> <span class='ocrx_word' id='word_1_226' title='bbox 2638 3436 2789 3491; x_wconf 82' lang='lat' dir='ltr'>prae·</span> 
     </span>
     <span class='ocr_line' id='line_1_26' title="bbox 163 3503 2786 3581; baseline -0.001 -14"><span class='ocrx_word' id='word_1_227' title='bbox 163 3508 412 3568; x_wconf 70' lang='lat' dir='ltr'>sentiam</span> <span class='ocrx_word' id='word_1_228' title='bbox 444 3526 606 3565; x_wconf 77' lang='lat' dir='ltr'>suam</span> <span class='ocrx_word' id='word_1_229' title='bbox 641 3509 957 3564; x_wconf 79' lang='lat' dir='ltr'>hominihus</span> <span class='ocrx_word' id='word_1_230' title='bbox 993 3520 1107 3562; x_wconf 80' lang='lat' dir='ltr'>non</span> <span class='ocrx_word' id='word_1_231' title='bbox 1141 3506 1199 3561; x_wconf 88' lang='lat' dir='ltr'>in</span> <span class='ocrx_word' id='word_1_232' title='bbox 1237 3506 1496 3562; x_wconf 71' lang='lat' dir='ltr'>columba</span> <span class='ocrx_word' id='word_1_233' title='bbox 1523 3503 1873 3561; x_wconf 78' lang='lat' dir='ltr'>solummodo</span> <span class='ocrx_word' id='word_1_234' title='bbox 1906 3504 2008 3560; x_wconf 81' lang='lat' dir='ltr'>sed</span> <span class='ocrx_word' id='word_1_235' title='bbox 2040 3506 2212 3561; x_wconf 81' lang='lat' dir='ltr'>etiam</span> <span class='ocrx_word' id='word_1_236' title='bbox 2238 3507 2293 3561; x_wconf 79' lang='lat' dir='ltr'>in</span> <span class='ocrx_word' id='word_1_237' title='bbox 2320 3507 2454 3579; x_wconf 80' lang='lat' dir='ltr'>igne</span> <span class='ocrx_word' id='word_1_238' title='bbox 2482 3504 2786 3581; x_wconf 44' lang='lat' dir='ltr'>patefeci&amp;</span> 
     </span>
     <span class='ocr_line' id='line_1_27' title="bbox 167 3593 2780 3673; baseline -0.001 -18"><span class='ocrx_word' id='word_1_239' title='bbox 167 3616 282 3673; x_wconf 78' lang='lat' dir='ltr'>per</span> <span class='ocrx_word' id='word_1_240' title='bbox 318 3599 631 3655; x_wconf 83' lang='lat' dir='ltr'>columbam</span> <span class='ocrx_word' id='word_1_241' title='bbox 667 3597 872 3669; x_wconf 79' lang='lat' dir='ltr'>quippe</span> <span class='ocrx_word' id='word_1_242' title='bbox 907 3595 1268 3666; x_wconf 82' lang='lat' dir='ltr'>simplicitas,</span> <span class='ocrx_word' id='word_1_243' title='bbox 1328 3610 1432 3665; x_wconf 89' lang='lat' dir='ltr'>per</span> <span class='ocrx_word' id='word_1_244' title='bbox 1469 3594 1657 3665; x_wconf 87' lang='lat' dir='ltr'>iguem</span> <span class='ocrx_word' id='word_1_245' title='bbox 1692 3606 1832 3648; x_wconf 75' lang='lat' dir='ltr'>vero</span> <span class='ocrx_word' id='word_1_246' title='bbox 1866 3593 2023 3649; x_wconf 75' lang='lat' dir='ltr'>zelus</span> <span class='ocrx_word' id='word_1_247' title='bbox 2058 3594 2351 3651; x_wconf 73' lang='lat' dir='ltr'>indicatur.</span> <span class='ocrx_word' id='word_1_248' title='bbox 2422 3596 2482 3651; x_wconf 82' lang='lat' dir='ltr'>lu</span> <span class='ocrx_word' id='word_1_249' title='bbox 2520 3598 2780 3652; x_wconf 85' lang='lat' dir='ltr'>columba</span> 
     </span>
     <span class='ocr_line' id='line_1_28' title="bbox 176 3679 2782 3760; baseline -0.001 -18"><span class='ocrx_word' id='word_1_250' title='bbox 176 3688 360 3760; x_wconf 78' lang='lat' dir='ltr'>igitur</span> <span class='ocrx_word' id='word_1_251' title='bbox 396 3694 455 3742; x_wconf 85' lang='lat' dir='ltr'>et</span> <span class='ocrx_word' id='word_1_252' title='bbox 488 3687 547 3740; x_wconf 87' lang='lat' dir='ltr'>in</span> <span class='ocrx_word' id='word_1_253' title='bbox 588 3686 717 3757; x_wconf 84' lang='lat' dir='ltr'>igne</span> <span class='ocrx_word' id='word_1_254' title='bbox 754 3683 1098 3753; x_wconf 77' lang='lat' dir='ltr'>ostenditur,</span> <span class='ocrx_word' id='word_1_255' title='bbox 1160 3683 1292 3754; x_wconf 81' lang='lat' dir='ltr'>quia</span> <span class='ocrx_word' id='word_1_256' title='bbox 1331 3682 1657 3753; x_wconf 78' lang='lat' dir='ltr'>quicumque</span> <span class='ocrx_word' id='word_1_257' title='bbox 1709 3679 1814 3737; x_wconf 90' lang='lat' dir='ltr'>illo</span> <span class='ocrx_word' id='word_1_258' title='bbox 1848 3680 2002 3753; x_wconf 72' lang='lat' dir='ltr'>pleni</span> <span class='ocrx_word' id='word_1_259' title='bbox 2036 3688 2193 3752; x_wconf 83' lang='lat' dir='ltr'>sunt,</span> <span class='ocrx_word' id='word_1_260' title='bbox 2258 3684 2340 3739; x_wconf 77' lang='lat' dir='ltr'>sic</span> <span class='ocrx_word' id='word_1_261' title='bbox 2374 3685 2782 3741; x_wconf 68' lang='lat' dir='ltr'>mansuetudini</span> 
     </span>
     <span class='ocr_line' id='line_1_29' title="bbox 167 3768 2780 3845; baseline -0.002 -13"><span class='ocrx_word' id='word_1_262' title='bbox 167 3773 556 3845; x_wconf 68' lang='lat' dir='ltr'>simplicitatis</span> <span class='ocrx_word' id='word_1_263' title='bbox 603 3771 943 3841; x_wconf 87' lang='lat' dir='ltr'>inserviunt,</span> <span class='ocrx_word' id='word_1_264' title='bbox 1005 3777 1070 3827; x_wconf 88' lang='lat' dir='ltr'>ut</span> <span class='ocrx_word' id='word_1_265' title='bbox 1115 3777 1318 3827; x_wconf 76' lang='lat' dir='ltr'>conti-a</span> <span class='ocrx_word' id='word_1_266' title='bbox 1364 3769 1560 3839; x_wconf 85' lang='lat' dir='ltr'>culpas</span> <span class='ocrx_word' id='word_1_267' title='bbox 1597 3768 2033 3843; x_wconf 76' lang='lat' dir='ltr'>delinquentium</span> <span class='ocrx_word' id='word_1_268' title='bbox 2067 3770 2235 3828; x_wconf 88' lang='lat' dir='ltr'>etiam</span> <span class='ocrx_word' id='word_1_269' title='bbox 2268 3773 2395 3829; x_wconf 83' lang='lat' dir='ltr'>zelo</span> <span class='ocrx_word' id='word_1_270' title='bbox 2431 3772 2780 3828; x_wconf 85' lang='lat' dir='ltr'>rectitudinis</span> 
     </span>
     <span class='ocr_line' id='line_1_30' title="bbox 169 3859 1363 3932; baseline -0.005 -13"><span class='ocrx_word' id='word_1_271' title='bbox 169 3862 566 3920; x_wconf 70' lang='lat' dir='ltr'>accendantur.</span> <span class='ocrx_word' id='word_1_272' title='bbox 640 3862 854 3932; x_wconf 74' lang='lat' dir='ltr'>Greqor.</span> <span class='ocrx_word' id='word_1_273' title='bbox 890 3877 957 3916; x_wconf 85' lang='lat' dir='ltr'>m.</span> <span class='ocrx_word' id='word_1_274' title='bbox 992 3859 1191 3915; x_wconf 81' lang='lat' dir='ltr'>moral.</span> <span class='ocrx_word' id='word_1_275' title='bbox 1229 3863 1279 3927; x_wconf 88' lang='lat'>1,</span> <span class='ocrx_word' id='word_1_276' title='bbox 1313 3862 1363 3913; x_wconf 89' lang='grc'>2.</span> 
     </span>
    </p>

    <p class='ocr_par' dir='ltr' id='par_1_12' title="bbox 351 3945 2776 4021">
     <span class='ocr_line' id='line_1_31' title="bbox 351 3945 2776 4021; baseline -0.002 -14"><span class='ocrx_word' id='word_1_277' title='bbox 351 3952 484 4007; x_wconf 86' lang='lat' dir='ltr'>Abs.</span> <span class='ocrx_word' id='word_1_278' title='bbox 524 3954 572 4005; x_wconf 79' lang='lat'>5.</span> <span class='ocrx_word' id='word_1_279' title='bbox 626 3951 872 4021; x_wconf 74' lang='lat' dir='ltr'>Spiritus</span> <span class='ocrx_word' id='word_1_280' title='bbox 910 3956 1137 4005; x_wconf 81' lang='lat' dir='ltr'>sanctus</span> <span class='ocrx_word' id='word_1_281' title='bbox 1173 3961 1452 4019; x_wconf 64' lang='lat' dir='ltr'>compago</span> <span class='ocrx_word' id='word_1_282' title='bbox 1491 3946 1724 4001; x_wconf 87' lang='lat' dir='ltr'>unitatis</span> <span class='ocrx_word' id='word_1_283' title='bbox 1760 3962 1864 4017; x_wconf 89' lang='lat' dir='ltr'>per</span> <span class='ocrx_word' id='word_1_284' title='bbox 1900 3946 2244 4003; x_wconf 68' lang='lat' dir='ltr'>consortium</span> <span class='ocrx_word' id='word_1_285' title='bbox 2280 3945 2547 4001; x_wconf 79' lang='lat' dir='ltr'>caritatis.</span> <span class='ocrx_word' id='word_1_286' title='bbox 2586 3946 2642 4002; x_wconf 84' lang='lat' dir='ltr'>S.</span> <span class='ocrx_word' id='word_1_287' title='bbox 2669 3949 2776 4002; x_wconf 79' lang='grc' dir='ltr'>Διι-</span> 
     </span>
    </p>
   </div>
   <div class='ocr_carea' id='block_1_12' title="bbox 167 4033 2780 4202">
    <p class='ocr_par' dir='ltr' id='par_1_13' title="bbox 167 4033 2778 4202">
     <span class='ocr_line' id='line_1_32' title="bbox 167 4033 2778 4113; baseline -0.003 -17"><span class='ocrx_word' id='word_1_288' title='bbox 167 4045 364 4113; x_wconf 63' lang='lat' dir='ltr'>gra-stim·</span> <span class='ocrx_word' id='word_1_289' title='bbox 393 4056 579 4094; x_wconf 84' lang='lat' dir='ltr'>sermo</span> <span class='ocrx_word' id='word_1_290' title='bbox 605 4041 728 4107; x_wconf 84' lang='lat'>269,</span> <span class='ocrx_word' id='word_1_291' title='bbox 755 4042 802 4094; x_wconf 83' lang='lat'>2.</span> <span class='ocrx_word' id='word_1_292' title='bbox 840 4043 918 4108; x_wconf 91' lang='lat' dir='ltr'>ut,</span> <span class='ocrx_word' id='word_1_293' title='bbox 956 4036 1107 4108; x_wconf 79' lang='lat' dir='ltr'>quod</span> <span class='ocrx_word' id='word_1_294' title='bbox 1142 4036 1426 4091; x_wconf 85' lang='lat' dir='ltr'>discordia</span> <span class='ocrx_word' id='word_1_295' title='bbox 1455 4034 1849 4104; x_wconf 66' lang='lat' dir='ltr'>dissipaverat,</span> <span class='ocrx_word' id='word_1_296' title='bbox 1885 4033 2192 4105; x_wconf 69' lang='lat' dir='ltr'>colligeret</span> <span class='ocrx_word' id='word_1_297' title='bbox 2224 4033 2435 4089; x_wconf 64' lang='lat' dir='ltr'>onitas</span> <span class='ocrx_word' id='word_1_298' title='bbox 2470 4039 2529 4089; x_wconf 86' lang='lat' dir='ltr'>et</span> <span class='ocrx_word' id='word_1_299' title='bbox 2556 4034 2778 4089; x_wconf 74' lang='lat' dir='ltr'>humani</span> 
     </span>
     <span class='ocr_line' id='line_1_33' title="bbox 167 4112 2780 4202; baseline -0.003 -18"><span class='ocrx_word' id='word_1_300' title='bbox 167 4129 403 4202; x_wconf 74' lang='lat' dir='ltr'>generis</span> <span class='ocrx_word' id='word_1_301' title='bbox 439 4134 720 4197; x_wconf 85' lang='lat' dir='ltr'>tamquam</span> <span class='ocrx_word' id='word_1_302' title='bbox 755 4126 918 4182; x_wconf 87' lang='lat' dir='ltr'>unius</span> <span class='ocrx_word' id='word_1_303' title='bbox 952 4124 1211 4195; x_wconf 87' lang='lat' dir='ltr'>corporis</span> <span class='ocrx_word' id='word_1_304' title='bbox 1246 4122 1495 4178; x_wconf 84' lang='lat' dir='ltr'>membra</span> <span class='ocrx_word' id='word_1_305' title='bbox 1529 4121 1787 4192; x_wconf 84' lang='lat' dir='ltr'>dispersa</span> <span class='ocrx_word' id='word_1_306' title='bbox 1821 4121 1895 4176; x_wconf 87' lang='lat' dir='ltr'>ad</span> <span class='ocrx_word' id='word_1_307' title='bbox 1929 4138 2097 4178; x_wconf 78' lang='lat' dir='ltr'>unum</span> <span class='ocrx_word' id='word_1_308' title='bbox 2122 4112 2292 4195; x_wconf 75' lang='lat' dir='ltr'>caput</span> <span class='ocrx_word' id='word_1_309' title='bbox 2318 4121 2600 4179; x_wconf 83' lang='lat' dir='ltr'>Christum</span> <span class='ocrx_word' id='word_1_310' title='bbox 2628 4137 2780 4177; x_wconf 84' lang='lat' dir='ltr'>com-</span> 
     </span>
    </p>
   </div>
   <div class='ocr_carea' id='block_1_13' title="bbox 158 4212 2776 4728">
    <p class='ocr_par' dir='ltr' id='par_1_14' title="bbox 163 4212 1508 4289">
     <span class='ocr_line' id='line_1_34' title="bbox 163 4212 1508 4289; baseline -0.008 -15"><span class='ocrx_word' id='word_1_311' title='bbox 163 4217 446 4289; x_wconf 74' lang='lat' dir='ltr'>paginata</span> <span class='ocrx_word' id='word_1_312' title='bbox 479 4215 886 4286; x_wconf 84' lang='lat' dir='ltr'>redigerentur.</span> <span class='ocrx_word' id='word_1_313' title='bbox 954 4214 1132 4282; x_wconf 65' lang='lat' dir='ltr'>Eia-sd.</span> <span class='ocrx_word' id='word_1_314' title='bbox 1169 4227 1353 4267; x_wconf 89' lang='lat' dir='ltr'>sermo</span> <span class='ocrx_word' id='word_1_315' title='bbox 1389 4212 1508 4265; x_wconf 78' lang='grc'><strong>271.</strong></span> 
     </span>
    </p>

    <p class='ocr_par' dir='ltr' id='par_1_15' title="bbox 158 4297 2776 4728">
     <span class='ocr_line' id='line_1_35' title="bbox 346 4297 2776 4372; baseline -0.002 -9"><span class='ocrx_word' id='word_1_316' title='bbox 346 4306 481 4363; x_wconf 78' lang='lat' dir='ltr'>Abs.</span> <span class='ocrx_word' id='word_1_317' title='bbox 519 4306 566 4359; x_wconf 87' lang='grc'>9.</span> <span class='ocrx_word' id='word_1_318' title='bbox 622 4305 758 4361; x_wconf 84' lang='lat' dir='ltr'>Cum</span> <span class='ocrx_word' id='word_1_319' title='bbox 793 4302 997 4357; x_wconf 84' lang='lat' dir='ltr'>dixerit</span> <span class='ocrx_word' id='word_1_320' title='bbox 1031 4300 1261 4372; x_wconf 77' lang='lat' dir='ltr'>aliquis.</span> <span class='ocrx_word' id='word_1_321' title='bbox 1299 4316 1472 4371; x_wconf 86' lang='lat' dir='ltr'>quare</span> <span class='ocrx_word' id='word_1_322' title='bbox 1507 4315 1669 4354; x_wconf 90' lang='lat' dir='ltr'>nemo</span> <span class='ocrx_word' id='word_1_323' title='bbox 1698 4299 1950 4370; x_wconf 85' lang='lat' dir='ltr'>loquitur</span> <span class='ocrx_word' id='word_1_324' title='bbox 1977 4297 2183 4371; x_wconf 85' lang='lat' dir='ltr'>linguis</span> <span class='ocrx_word' id='word_1_325' title='bbox 2210 4298 2453 4355; x_wconf 74' lang='lat' dir='ltr'>omnium</span> <span class='ocrx_word' id='word_1_326' title='bbox 2480 4299 2776 4371; x_wconf 62' lang='lat' dir='ltr'>gentium?</span> 
     </span>
     <span class='ocr_line' id='line_1_36' title="bbox 159 4386 2771 4466; baseline -0.002 -17"><span class='ocrx_word' id='word_1_327' title='bbox 159 4393 303 4465; x_wconf 69' lang='lat' dir='ltr'>qnia</span> <span class='ocrx_word' id='word_1_328' title='bbox 342 4393 469 4466; x_wconf 84' lang='lat' dir='ltr'>jam</span> <span class='ocrx_word' id='word_1_329' title='bbox 516 4392 645 4462; x_wconf 70' lang='lat' dir='ltr'>ipsu</span> <span class='ocrx_word' id='word_1_330' title='bbox 691 4390 935 4446; x_wconf 83' lang='lat' dir='ltr'>ecclesia</span> <span class='ocrx_word' id='word_1_331' title='bbox 981 4389 1191 4461; x_wconf 77' lang='lat' dir='ltr'>linguis</span> <span class='ocrx_word' id='word_1_332' title='bbox 1240 4388 1480 4444; x_wconf 82' lang='lat' dir='ltr'>omnium</span> <span class='ocrx_word' id='word_1_333' title='bbox 1527 4387 1777 4458; x_wconf 77' lang='lat' dir='ltr'>gentium</span> <span class='ocrx_word' id='word_1_334' title='bbox 1823 4386 2084 4458; x_wconf 85' lang='lat' dir='ltr'>loquitur.</span> <span class='ocrx_word' id='word_1_335' title='bbox 2151 4390 2321 4443; x_wconf 81' lang='lat' dir='ltr'>antea</span> <span class='ocrx_word' id='word_1_336' title='bbox 2354 4386 2413 4441; x_wconf 80' lang='lat' dir='ltr'>iu</span> <span class='ocrx_word' id='word_1_337' title='bbox 2448 4404 2560 4443; x_wconf 86' lang='lat' dir='ltr'>una</span> <span class='ocrx_word' id='word_1_338' title='bbox 2599 4394 2771 4460; x_wconf 77' lang='lat' dir='ltr'>gente</span> 
     </span>
     <span class='ocr_line' id='line_1_37' title="bbox 163 4475 2770 4549; baseline -0.002 -14"><span class='ocrx_word' id='word_1_339' title='bbox 163 4486 297 4536; x_wconf 78' lang='lat' dir='ltr'>erat</span> <span class='ocrx_word' id='word_1_340' title='bbox 334 4479 595 4548; x_wconf 66' lang='lat' dir='ltr'>ecclesia,</span> <span class='ocrx_word' id='word_1_341' title='bbox 631 4478 730 4534; x_wconf 73' lang='lat' dir='ltr'>ubi</span> <span class='ocrx_word' id='word_1_342' title='bbox 767 4478 1007 4535; x_wconf 68' lang='lat' dir='ltr'>omnium</span> <span class='ocrx_word' id='word_1_343' title='bbox 1041 4476 1254 4549; x_wconf 79' lang='lat' dir='ltr'>linguis</span> <span class='ocrx_word' id='word_1_344' title='bbox 1289 4476 1642 4546; x_wconf 84' lang='lat' dir='ltr'>loquebatur.</span> <span class='ocrx_word' id='word_1_345' title='bbox 1710 4477 1973 4545; x_wconf 70' lang='lat' dir='ltr'>Auyustin.</span> <span class='ocrx_word' id='word_1_346' title='bbox 2010 4475 2066 4529; x_wconf 89' lang='lat' dir='ltr'>in</span> <span class='ocrx_word' id='word_1_347' title='bbox 2102 4490 2302 4545; x_wconf 70' lang='lat' dir='ltr'>evang.</span> <span class='ocrx_word' id='word_1_348' title='bbox 2336 4475 2466 4529; x_wconf 81' lang='lat' dir='ltr'>Joh.</span> <span class='ocrx_word' id='word_1_349' title='bbox 2502 4478 2601 4546; x_wconf 85' lang='lat'>32,</span> <span class='ocrx_word' id='word_1_350' title='bbox 2651 4478 2683 4543; x_wconf 75' lang='lat' dir='ltr'>S</span> <span class='ocrx_word' id='word_1_351' title='bbox 2722 4479 2770 4531; x_wconf 74' lang='lat'>7.</span> 
     </span>
     <span class='ocr_line' id='line_1_38' title="bbox 158 4560 2771 4636; baseline -0.003 -10"><span class='ocrx_word' id='word_1_352' title='bbox 158 4568 330 4626; x_wconf 88' lang='lat' dir='ltr'>Libet</span> <span class='ocrx_word' id='word_1_353' title='bbox 386 4567 584 4623; x_wconf 85' lang='lat' dir='ltr'>oculos</span> <span class='ocrx_word' id='word_1_354' title='bbox 639 4565 768 4622; x_wconf 87' lang='lat' dir='ltr'>fidei</span> <span class='ocrx_word' id='word_1_355' title='bbox 821 4567 877 4620; x_wconf 90' lang='lat' dir='ltr'>in</span> <span class='ocrx_word' id='word_1_356' title='bbox 925 4565 1191 4621; x_wconf 85' lang='lat' dir='ltr'>virtutem</span> <span class='ocrx_word' id='word_1_357' title='bbox 1244 4561 1463 4636; x_wconf 83' lang='lat' dir='ltr'>opificis</span> <span class='ocrx_word' id='word_1_358' title='bbox 1517 4563 1686 4635; x_wconf 85' lang='lat' dir='ltr'>hujus</span> <span class='ocrx_word' id='word_1_359' title='bbox 1724 4561 1999 4631; x_wconf 88' lang='lat' dir='ltr'>(spiritus</span> <span class='ocrx_word' id='word_1_360' title='bbox 2036 4562 2259 4630; x_wconf 88' lang='lat' dir='ltr'>sancti)</span> <span class='ocrx_word' id='word_1_361' title='bbox 2297 4560 2562 4618; x_wconf 86' lang='lat' dir='ltr'>attollere</span> <span class='ocrx_word' id='word_1_362' title='bbox 2601 4568 2771 4634; x_wconf 87' lang='lat' dir='ltr'>atque</span> 
     </span>
     <span class='ocr_line' id='line_1_39' title="bbox 159 4646 2771 4728; baseline -0.003 -17"><span class='ocrx_word' id='word_1_363' title='bbox 159 4658 411 4728; x_wconf 81' lang='lat' dir='ltr'>sparsim</span> <span class='ocrx_word' id='word_1_364' title='bbox 463 4663 659 4726; x_wconf 84' lang='lat' dir='ltr'>patres</span> <span class='ocrx_word' id='word_1_365' title='bbox 715 4655 1033 4711; x_wconf 86' lang='lat' dir='ltr'>testamenti</span> <span class='ocrx_word' id='word_1_366' title='bbox 1088 4653 1223 4708; x_wconf 84' lang='lat' dir='ltr'>novi</span> <span class='ocrx_word' id='word_1_367' title='bbox 1280 4668 1348 4708; x_wconf 87' lang='lat' dir='ltr'>ac</span> <span class='ocrx_word' id='word_1_368' title='bbox 1400 4651 1614 4707; x_wconf 85' lang='lat' dir='ltr'>veteris</span> <span class='ocrx_word' id='word_1_369' title='bbox 1669 4650 2042 4706; x_wconf 86' lang='lat' dir='ltr'>considerare.</span> <span class='ocrx_word' id='word_1_370' title='bbox 2132 4646 2275 4704; x_wconf 83' lang='lat' dir='ltr'>Ecce</span> <span class='ocrx_word' id='word_1_371' title='bbox 2312 4651 2523 4722; x_wconf 84' lang='lat' dir='ltr'>apertis</span> <span class='ocrx_word' id='word_1_372' title='bbox 2561 4650 2771 4705; x_wconf 73' lang='lat' dir='ltr'>eisdem</span> 
     </span>
    </p>
   </div>
   <div class='ocr_carea' id='block_1_14' title="bbox 157 4738 2775 4814">
    <p class='ocr_par' dir='ltr' id='par_1_16' title="bbox 157 4738 2775 4814">
     <span class='ocr_line' id='line_1_40' title="bbox 157 4738 2775 4814; baseline -0.002 -13"><span class='ocrx_word' id='word_1_373' title='bbox 157 4745 349 4801; x_wconf 85' lang='lat' dir='ltr'>oculis</span> <span class='ocrx_word' id='word_1_374' title='bbox 386 4740 518 4801; x_wconf 84' lang='lat' dir='ltr'>fidei</span> <span class='ocrx_word' id='word_1_375' title='bbox 553 4743 760 4814; x_wconf 73' lang='lat' dir='ltr'>David,</span> <span class='ocrx_word' id='word_1_376' title='bbox 814 4745 1018 4813; x_wconf 70' lang='lat' dir='ltr'>Amos,</span> <span class='ocrx_word' id='word_1_377' title='bbox 1072 4741 1388 4812; x_wconf 78' lang='lat' dir='ltr'>Danielem,</span> <span class='ocrx_word' id='word_1_378' title='bbox 1440 4741 1698 4811; x_wconf 87' lang='lat' dir='ltr'>Petrum,</span> <span class='ocrx_word' id='word_1_379' title='bbox 1746 4738 2005 4811; x_wconf 86' lang='lat' dir='ltr'>Paulum,</span> <span class='ocrx_word' id='word_1_380' title='bbox 2052 4739 2377 4798; x_wconf 64' lang='lat' dir='ltr'>mmm</span> <span class='ocrx_word' id='word_1_381' title='bbox 2411 4739 2661 4808; x_wconf 67' lang='lat' dir='ltr'>inmeor,</span> <span class='ocrx_word' id='word_1_382' title='bbox 2711 4741 2775 4795; x_wconf 81' lang='lat' dir='ltr'>et</span> 
     </span>
    </p>
   </div>
  </div>
 </body>
</html>
