3159 5259
2714 290 2841 361 821

231 482 294 546 2.
339 478 514 548 Deus
557 480 816 565 patiens
834 527 852 563 ,
889 479 1100 564 juste,
1660 501 1904 567 pravo
1946 482 2215 549 crimina

338 583 623 648 clemens
668 589 864 665 atque
909 581 1242 685 tremende
1253 632 1276 666 ,
1692 602 1813 651 sua
1855 586 2182 668 puniente.
2758 588 2845 653 20

336 743 437 808 Tu
479 743 580 808 vis
614 764 892 829 parcere
936 746 1145 830 magis
1569 784 1595 793 ’ψ
1690 719 1945 804 Οΐθᾱθὶ
1977 730 2212 806 Pereat

333 848 671 931 poenitenti
716 868 906 932 quam
948 849 1178 934 plecti,
1401 848 1483 913 10
1694 832 1766 890 ut
1808 844 1974 891 uuus
2016 826 2389 911 pusillum,

1693 945 1823 993 non
1871 935 1972 992 est
2012 929 2322 1013 placitum

227 1087 289 1152 3.
336 1086 435 1152 Tu
473 1104 602 1152 non
644 1089 938 1172 pasceris
1693 1037 1806 1095 tuo
1849 1030 1915 1094 in
1962 1038 2334 1115 wnspeom'

329 1198 539 1255 morte
583 1192 997 1276 morientum,
1587 1194 1648 1259 5.
1696 1192 1794 1258 Tu
1836 1211 1957 1257 nos
1994 1213 2190 1259 serva
2224 1194 2477 1277 jugiter
2753 1199 2841 1262 25

305 1295 454 1362 sed
497 1315 613 1363 eos
658 1297 964 1380 suscitas,
1694 1298 1863 1363 omni
1909 1319 1949 1363 a
1993 1299 2200 1381 malo,
2244 1299 2434 1383 deus,

333 1459 474 1526 Nee
517 1461 799 1545 gaudes,
846 1460 1040 1545 deus,
1683 1411 1862 1486 ‘Iuste
1903 1403 2150 1487 jadex'

331 1564 400 1628 jn
443 1564 846 1649 perditione,
1399 1564 1479 1627 15
1690 1539 1779 1607 Ut
1826 1560 1974 1626 non,
2020 1541 2277 1625 quando
2314 1543 2605 1627 veneris,

335 1669 443 1750 qui
488 1665 767 1752 Stygem
810 1675 1185 1752 properant·
1694 1646 1984 1710 omnibus
2030 1646 2230 1730 digna
2273 1647 2462 1712 factis

1691 1746 2061 1813 redditurus
2082 1796 2099 1830 ,
2750 1751 2833 1814 30

226 1912 289 1975 4.
340 1908 493 1974 Tuis
538 1910 788 1976 civibus
1584 1912 1644 1975 6.
1690 1911 1959 1977 Nosmet
2002 1910 2248 1976 habeas
2293 1911 2523 1995 punire

332 2014 587 2097 angelis
633 2022 734 2078 est
769 2013 1104 2097 gaudium,
1691 2013 1810 2078 sed
1853 2016 2196 2079 munerari.

407 2198 502 2255 Hs.
539 2215 609 2253 zu
643 2197 917 2254 Miinchen
953 2197 1090 2255 Glm.
1129 2198 1316 2253 14083.
1345 2193 1382 2253 f.
1421 2198 1503 2253 10.
1540 2200 1606 2251 11
1646 2198 1840 2254 Jahrh.
1876 2199 1976 2254 mit
2012 2199 2119 2254 den
2146 2199 2409 2255 Neumen.

403 2323 475 2376 10
508 2321 710 2392 plecti,
764 2318 860 2376 fflr
897 2318 996 2376 das
1031 2320 1228 2392 Activ,
1283 2320 1382 2378 des
1417 2321 1628 2376 verses
1664 2335 1881 2394 wegen.
1961 2325 2036 2378 20
2067 2323 2357 2394 puniente,
2423 2324 2547 2379 dem
2581 2323 2833 2396 Begriffe

221 2408 371 2465 nach
406 2410 728 2480 poenitente.

401 2531 467 2586 V.
507 2535 553 2586 1.
605 2531 731 2603 lpse
758 2530 939 2604 judex
972 2531 1144 2599 venit,
1181 2529 1276 2601 qui
1311 2528 1623 2587 advocatus
1659 2531 1860 2588 extitit.
1896 2532 2113 2603 (ἕτερον.
2136 2535 2203 2588 Μ.
2234 2534 2380 2590 hom.
2406 2535 2463 2589 in
2492 2549 2579 2590 ον.
2604 2539 2657 2606 2,
2675 2538 2761 2605 27,
2780 2537 2829 2591 9.

399 2618 466 2672 V.
503 2622 585 2672 17.
633 2617 1019 2689 supernorum
1056 2617 1260 2673 civium
1295 2616 1542 2673 societas
1579 2624 1794 2690 sancta,
1831 2620 1909 2674 ibi
1937 2621 2263 2678 solemnitas
2292 2628 2465 2693 certa,
2502 2623 2581 2679 ibi
2608 2624 2832 2696 requies

221 2722 446 2777 secura,
483 2706 561 2762 ibi
595 2722 709 2779 pax
743 2721 900 2760 vera.
972 2705 1188 2777 Greyor.
1222 2704 1293 2760 M.
1329 2704 1473 2760 hom.
1507 2706 1567 2761 in
1605 2721 1689 2761 ev,
1724 2710 1776 2776 2,
1813 2709 1902 2778 30,
1942 2710 2024 2764 10.

1053 3066 1220 3142 165.
1295 3063 1466 3143 Alia
1518 3070 2004 3168 (troparium).

223 3283 284 3348 1.
330 3276 506 3345 Laus
551 3278 667 3343 tibi
712 3277 827 3360 sit,
1682 3275 1919 3342 Pastor
1963 3284 2215 3360 noster,

329 3399 369 3445 o
415 3378 626 3443 fidelis
663 3378 824 3442 deus
840 3425 858 3461 ,
1686 3380 2014 3465 disruptor
2054 3381 2297 3465 laquei,
2747 3384 2831 3451 10

328 3502 451 3581 Qui
495 3521 840 3585 numquam
887 3499 1223 3567 confundis
1981 3518 1985 3525 ·

327 3609 396 3673 in
438 3617 506 3675 te
551 3606 984 3691 confidentes,
1578 3596 1638 3663 3.
1686 3596 1780 3663 Tu
1827 3616 2212 3682 conservas,

327 3712 447 3777 sed
495 3730 610 3777 eos
653 3711 862 3795 magis
885 3708 1256 3794 glorificas,
1431 3710 1472 3772 5
1682 3703 1793 3785 qui
1835 3704 2060 3768 timent
2103 3704 2186 3769 de
2229 3705 2457 3790 valde,

1682 3826 1982 3888 magnam
2027 3806 2467 3887 dulcedinem,

219 3852 282 3916 2·
331 3847 427 3914 TU
469 3848 1028 3934 ΡῙὌΙΨΕΨἏΟῙῙῙ11111
1683 3907 1873 3991 deus,
1917 3908 2277 3992 indulgens.

326 3953 642 4019 adversus
685 3953 955 4017 hostiles

239 4066 250 4076 ⁸
321 4055 685 4122 incursatus
732 4063 798 4119 et
841 4053 1140 4137 insidias,

399 4241 517 4297 Ans
555 4236 855 4296 del-selben
889 4240 984 4296 Hs.

397 4362 462 4417 V.
497 4365 547 4419 2.
595 4360 778 4419 fidelis
813 4362 929 4418 und
965 4362 1003 4416 4
1038 4356 1384 4416 confidentes
1419 4358 1687 4414 heziehen
1724 4358 1846 4412 sich
1880 4353 1988 4412 auf
2016 4354 2278 4410 einander
2296 4395 2311 4425 ,
2347 4354 2483 4411 Gott
2517 4355 2695 4411 durch
2730 4355 2821 4412 die

207 4452 523 4509 Wahrheit
570 4450 682 4507 und
729 4452 828 4505 der
863 4450 1093 4507 Mensch
1140 4447 1315 4503 durch
1363 4446 1470 4502 den
1506 4445 1757 4503 Glauben
1794 4461 1866 4500 an
1903 4442 1992 4500 die
2028 4443 2346 4498 Wahrheit.
2417 4443 2588 4501 Omne
2624 4459 2819 4498 verum

212 4540 377 4611 (also
413 4540 559 4595 auch
594 4539 696 4594 der
721 4538 906 4595 Inhalt
933 4539 1031 4592 des
1059 4536 1430 4592 christlichen·
1451 4534 1766 4605 Glaubens)
1802 4552 1839 4590 a
1872 4532 2111 4590 veritate
2146 4547 2343 4587 verum
2380 4536 2482 4587 est.
2518 4535 2607 4587 est
2632 4537 2818 4585 autem

209 4628 431 4687 veritas
479 4627 630 4682 deus.
699 4628 965 4698 Auyioetin.
1015 4625 1144 4683 div.
1172 4630 1367 4697 quaest.
1413 4628 1463 4681 1.
1530 4625 1682 4683 Deus
1728 4620 1910 4681 fidelis
1958 4623 2035 4678 ist
2080 4621 2205 4677 eine
2240 4619 2526 4676 Parallele
2559 4636 2630 4675 zu
2664 4619 2823 4677 Crux

207 4713 416 4776 fidelis.
486 4715 595 4774 No.
632 4715 752 4787 101,
790 4716 842 4769 1.
