3159 5259
155 453 258 521 En
303 451 488 537 pacis
533 460 829 533 tempore
1522 442 1649 510 Hic,
1690 444 2099 528 patientiam,

242 557 469 641 plures
515 554 701 619 amici
716 601 733 635 ‚
1607 545 1817 611 Jhesu
1836 593 1854 626 ,
1899 545 2144 627 largire

156 658 383 745 pugna
428 661 549 724 sub
595 674 796 721 onere
1521 657 1825 730 tuamque
1872 647 2149 731 gratiam

241 763 605 845 probantur
648 757 820 838 fioti3
1287 752 1414 816 100
1606 750 1717 816 hio
1759 751 2127 835 impertire,

157 863 256 928 sio
300 880 460 926 vere
506 859 800 924 noscitur
857 928 866 938 ,
1519 854 1682 918 meis
1729 854 1795 917 in
1843 851 2137 916 omnibus
2691 849 2778 913 25

245 964 647 1029 adversitate
660 1008 678 1043 ,
1611 963 1721 1020 tua
1765 954 2070 1018 voluntas

158 1066 329 1131 fidus
376 1066 518 1147 quis
565 1063 797 1128 dieitur
1523 1059 1611 1123 sit
1655 1057 2141 1141 gravaminibus
2217 1058 2222 1062 ’

247 1168 708 1252 prosperitate.
1612 1178 1856 1226 summa
1899 1160 2222 1243 voluptas,

160 1356 271 1423 Nil
312 1357 468 1421 mihi
513 1354 727 1421 carius
1379 1351 1418 1412 5
1523 1350 1651 1418 Hic
1696 1351 1812 1415 tibi
1858 1349 2154 1415 studeam

248 1460 437 1524 vales
482 1466 836 1542 praestare,
1613 1474 1654 1521 o
1703 1455 2125 1535 conformari,
2695 1454 2779 1518 30

162 1561 281 1627 tibi
327 1581 517 1642 quam
561 1557 848 1623 funditus
1524 1558 1636 1625 hic
1685 1577 1879 1625 eruoe
1917 1560 2175 1623 valeam

251 1663 660 1744 renuntiare,
1615 1682 1656 1729 o
1703 1663 2065 1746 terminari,

163 1768 399 1826 cuneta
446 1761 772 1826 contraria
1525 1774 1628 1849 ut,
1677 1766 1851 1848 quod
1896 1767 2217 1851 supplicio

253 1870 488 1947 sponte
535 1862 811 1926 sufferre
1340 1863 1421 1925 10
1614 1869 1732 1935 tibi
1780 1868 2059 1952 sodalis,

161 1964 439 2046 haecque
483 1972 552 2028 ut
599 1985 865 2029 munera
1528 1971 1680 2035 eoeli
1725 1972 2026 2036 convivio
2700 1970 2782 2032 35

250 2066 411 2130 mihi
458 2065 715 2130 offerre.
1621 2072 1742 2135 sim
1787 2055 2252 2136 commensalis,

158 2247 234 2316 Si
278 2271 432 2318 nam
475 2252 781 2336 iniquitas
1527 2253 1631 2320 Da
1675 2255 1806 2320 hoo
1848 2256 2136 2337 ingenite

250 2373 385 2420 non
432 2355 827 2439 dominetur,
1616 2376 1835 2421 rerum
1883 2364 2143 2421 creator
2161 2404 2179 2438 ,

158 2455 321 2522 felix
372 2458 741 2523 adversitas
1343 2463 1422 2525 15
1534 2458 1621 2524 da
1664 2459 1996 2541 unigenite

249 2578 520 2644 semper
562 2571 880 2652 meretur,
1617 2560 1839 2626 mundi
1883 2559 2206 2643 salvator,
2662 2560 2789 2625 140

156 2672 266 2729 est
311 2668 428 2732 via
474 2668 661 2750 regia
1534 2667 1748 2750 daque
1792 2668 2112 2749 paraclite

247 2767 403 2836 haeo
449 2769 805 2835 electorum
1622 2770 1827 2834 utrius
1874 2787 2086 2852 amor,

159 2865 419 2933 ducens
465 2869 549 2933 ad
594 2871 761 2934 atria
1537 2871 1654 2935 tibi
1699 2877 2019 2953 perpetue

247 2972 445 3056 regni
494 2969 864 3038 ooelorum.“
1347 2974 1430 3037 20
1628 2971 1712 3036 sit
1755 2972 1896 3038 laus
1942 2980 2010 3038 et
2059 2972 2284 3035 honor.

310 3173 408 3231 He.
444 3192 516 3230 zu
551 3175 867 3231 Karlsruhe
916 3174 1061 3230 ohne
1098 3174 1388 3245 Nummer,
1446 3179 1514 3231 15
1550 3177 1747 3233 Jahrb.
1796 3176 1896 3231 mit
1949 3175 2051 3231 der
2087 3174 2346 3232 Melodie.
2422 3173 2585 3230 Naeh
2620 3174 2794 3228 Vers-

160 3273 319 3315 mass
374 3264 489 3318 und
527 3262 895 3334 Behandlung
941 3261 1020 3317 ist
1066 3261 1251 3316 dieses
1298 3262 1436 3318 Lien
1489 3264 1652 3319 alter.
1722 3263 1793 3318 Je
1840 3262 1988 3317 zwei
2022 3261 2200 3317 Verse
2250 3261 2443 3317 bilden
2497 3261 2662 3317 einen
2694 3261 2795 3317 be-

160 3347 368 3402 tonten
405 3347 942 3420 Hendeeasyllabun.

352 3487 428 3542 28
465 3485 743 3544 tumulata
777 3485 873 3541 Hs.
943 3485 1014 3541 99
1049 3485 1246 3542 boazer
1277 3502 1484 3559 puqnoe.
1558 3489 1662 3541 124
1696 3487 1990 3558 impartire
2026 3486 2123 3543 lis.

348 3623 416 3680 V.
454 3628 502 3679 5.
548 3623 721 3681 Solus
756 3623 1014 3682 Christus
1051 3630 1140 3682 eet
1174 3641 1433 3696 sponsus.
1468 3625 1702 3682 Ambroo.
1740 3625 1809 3681 de
1836 3622 1946 3682 fide
1972 3628 2025 3696 3,
2055 3627 2139 3700 10.
2192 3625 2321 3698 Vgl.
2348 3625 2581 3698 Apocal.
2601 3627 2689 3696 22,
2711 3628 2794 3679 17.

157 3706 304 3777 Eph.
342 3712 396 3780 5,
433 3714 520 3767 23.
551 3714 641 3790 24.
696 3712 802 3768 No.
838 3714 963 3782 249,
1004 3714 1087 3768 15.

342 3797 412 3852 V.
454 3801 536 3855 13.
598 3799 816 3855 militia.
870 3798 1113 3871 διηνεκὴς
1148 3797 1257 3857 τῶν
1293 3797 1570 3873 δαιμόνων
1607 3795 1638 3856 ὅ
1673 3799 1929 3873 πόλεμος.
1986 3802 2239 3874 chrysost.
2277 3801 2332 3856 in
2371 3817 2412 3855 s.
2451 3799 2706 3858 Eustath.
2744 3803 2794 3856 1.

342 3883 412 3941 V.
450 3889 677 3944 17-20.
712 3888 988 3955 Quantum
1023 3889 1242 3944 accedit
1276 3886 1405 3944 finis
1440 3890 1647 3958 mundi,
1686 3895 1947 3945 crescunt
1982 3905 2230 3957 errores,
2272 3888 2645 3944 erebrescunt
2679 3893 2796 3942 ter-

163 3977 367 4036 rores,
406 3973 614 4029 erescit
648 3973 944 4044 iniquitas,
982 3975 1191 4029 crescit
1226 3972 1544 4029 infidelitas.
1608 3976 1816 4045 Anqust.
1850 3975 1909 4028 in
1945 3991 2028 4028 ev.
2066 3973 2193 4029 Joh.
2229 3974 2281 4042 6,
2318 3975 2404 4027 25.
2442 3975 2475 4040 9
2512 3977 2561 4028 5.
2633 3974 2798 4030 Siout

162 4061 237 4102 ex
274 4048 476 4110 fructu
511 4059 781 4114 arborum
814 4057 1002 4114 vicina
1039 4065 1210 4115 aestas
1248 4061 1618 4131 cognoscitur
1654 4060 1881 4129 (matth.
1914 4061 2003 4130 24,
2038 4063 2123 4115 32.
2159 4060 2287 4115 Luc.
2323 4061 2411 4128 21,
2448 4062 2572 4130 29),
2608 4060 2690 4116 ita
2725 4077 2798 4118 ex

160 4135 334 4192 ruina
381 4145 574 4198 mnndi
621 4161 806 4217 prope
855 4161 984 4201 esse
1035 4148 1364 4218 agnoscitur
1400 4163 1636 4219 regnum
1670 4147 1776 4202 dei.
1840 4149 2040 4219 quibus
2076 4145 2340 4219 profecto
2376 4148 2569 4202 verbis
2608 4152 2798 4203 osten-

162 4220 340 4363 ἶίίῑιιτ,
381 4230 517 4297 quia
551 4228 772 4286 fructus
807 4232 997 4288 mundi
1032 4233 1198 4288 ruina
1233 4238 1351 4306 θεῖς
1414 4234 1486 4288 ad
1522 4236 1632 4291 hoc
1669 4234 1813 4289 enim
1851 4234 2084 4304 erescit,
2121 4239 2186 4290 ut
2223 4235 2403 4290 cadat.
2469 4235 2688 4307 Greyor.
2723 4235 2796 4292 M.

209 4325 316 4368 om.
356 4316 416 4371 in
455 4336 541 4376 ev.
581 4326 630 4390 1,
666 4325 719 4392 1,
754 4325 804 4378 3.

347 4401 418 4458 V.
457 4407 576 4463 142.
630 4423 805 4463 amor.
864 4407 996 4481 Vgl.
1027 4409 1134 4467 No.
1171 4411 1293 4482 180,
1330 4413 1386 4469 1.

343 4544 409 4602 In
457 4550 568 4611 den
601 4554 843 4613 Liedern
891 4573 1025 4614 vom
1057 4559 1214 4615 Eudo
1261 4559 1364 4615 der
1408 4560 1576 4616 Welt
1620 4560 1854 4616 werden
1901 4560 1992 4616 die
2042 4559 2395 4616 Vorzeichen
2444 4561 2546 4617 des
2592 4563 2797 4620 Unter·

158 4639 354 4700 8²³8ss
402 4644 724 4700 manchmal
772 4646 1066 4716 malint,
1131 4649 1279 4704 auch
1326 4647 1452 4720 gibt
1499 4664 1564 4705 es
1613 4647 1926 4705 bosondere
1964 4647 2233 4706 Gedichte
2283 4649 2526 4706 darfiber
2579 4649 2667 4722 (S.
2705 4651 2797 4707 die

255 4746 430 4808 Hono.
463 4758 640 4811 mem.
674 4763 923 4823 nyma.
960 4764 1005 4813 1.
2291 4743 2378 4807 25
