3159 5259
372 274 473 352 π

376 466 665 551 Tempus
710 464 910 547 elegit
953 461 1182 526 hiemis
1740 458 1911 526 Exul
1955 477 1995 522 a
2039 454 2233 520 domo
2275 451 2546 536 propria

380 580 646 641 creator
690 570 894 635 omnis
939 567 1250 650 temporis
1270 614 1288 647 ,
1742 565 1953 632 carnis
1999 563 2273 628 vestitur
2318 559 2562 639 tunica,

382 661 460 744 ht
501 675 731 742 mentis
775 672 928 758 gelu
972 671 1236 753 frigoris
1741 677 2135 748 monstrans,
2185 659 2361 747 quod
2403 662 2633 724 vivens
2679 661 2904 727 anima

387 764 435 850 a
479 777 724 847 cunctis
768 776 974 861 pellat
1016 771 1302 857 perfidis.
1742 772 1894 839 huic
1935 767 2173 835 mundo
2219 773 2548 831 extranea.
2923 762 3026 825 80

384 959 558 1026 Gelu
600 973 876 1040 namque
920 952 1218 1038 perfidiae
1558 953 1640 1014 65
1744 951 1989 1016 Vivere
2033 950 2098 1013 in
2142 946 2270 1010 hoc
2314 943 2553 1008 saeculo

380 1064 571 1129 venit
615 1059 908 1126 Christus
954 1057 1290 1141 depellere
1749 1055 1902 1140 quid
1947 1072 2136 1135 quam
2179 1046 2675 1138 peregrinatio?

384 1164 587 1232 fidem
632 1182 887 1247 quoque
933 1160 1294 1227 accendere
1749 1157 1868 1223 sed
1916 1156 2094 1222 clara
2139 1153 2246 1218 dei
2287 1152 2452 1215 visio

386 1287 532 1336 811ae
576 1269 863 1334 caritatis
906 1269 1079 1350 igne.
1748 1269 1973 1327 nostra
2016 1278 2178 1323 vera
2221 1265 2323 1321 est
2364 1254 2630 1319 mansio.

392 1444 640 1518 Hiemis
683 1448 830 1513 tulit
873 1448 1151 1530 frigora,
1748 1445 1914 1510 Hinc
1947 1463 2068 1527 per
2104 1459 2329 1521 omne,
2376 1435 2551 1521 quod
2588 1434 2874 1518 agimuS‚
2927 1434 3023 1498 85

388 1558 466 1617 ut
508 1568 628 1615 nos
670 1567 793 1634 pro
840 1568 956 1612 sua
1000 1548 1211 1630 gloria
1559 1545 1643 1608 70
1749 1548 1878 1612 hoc
1921 1543 2295 1628 quaerimus,
2341 1540 2469 1604 hoc
2515 1538 2821 1622 cupimus,

391 1654 613 1722 carnis
657 1670 1035 1737 spernamus
1080 1649 1451 1732 commoda,
1493 1670 1503 1677 ·
1750 1660 1821 1716 ut
1862 1648 2068 1731 ruptis
2114 1645 2325 1711 carnis
2370 1644 2643 1707 nexibus

390 1757 737 1842 diligamus
781 1753 1213 1837 incommoda,
1753 1754 1901 1821 ooeli
1937 1752 2288 1837 jungamur
2333 1748 2596 1814 civibus,

392 1937 503 2008 En
547 1938 720 2022 quod
765 1938 945 2004 carni
986 1936 1345 2015 molestiuS‚
1753 1937 1852 2004 Da
1894 1936 2100 2021 patris
2142 1933 2458 2018 sapientia

395 2042 574 2128 quod
616 2042 852 2107 mundo
898 2050 997 2106 est
1042 2041 1438 2126 despectiuS,
1756 2049 1865 2105 tua
1910 2039 2093 2121 sequi
2137 2036 2430 2117 humilia,
2929 2033 3018 2096 90

398 2146 579 2231 quod
623 2147 769 2231 plus
813 2147 997 2210 soetet
1042 2145 1374 2226 divitibus,
1567 2144 1648 2206 75
1753 2152 1825 2209 ut
1866 2144 1932 2208 in
1974 2149 2249 2225 paterna
2292 2138 2503 2221 gloria

392 2251 604 2335 elegit
649 2250 754 2316 dei
797 2251 982 2315 filius,
1755 2256 1820 2311 te
1865 2244 2198 2310 laudemus
2242 2244 2307 2306 in
2352 2239 2611 2305 saecula.

580 2457 677 2512 Es.
712 2473 778 2510 zu
817 2453 1144 2523 Karlsruhe,
1182 2453 1327 2508 ohne
1363 2451 1642 2519 Nummer,
1679 2464 1780 2504 aus
1818 2447 1939 2503 dem
1976 2449 2043 2501 15
2080 2443 2270 2502 Jahrb„

585 2595 652 2650 V.
691 2597 844 2650 1-4,
895 2595 954 2650 ln
991 2600 1195 2650 natura
1232 2611 1334 2649 sua
1369 2599 1501 2652 ante
1536 2598 1793 2664 tempora
1828 2598 1991 2648 natus
2019 2598 2123 2664 est,
2159 2594 2217 2648 in
2243 2599 2440 2650 nostra
2466 2595 2620 2649 venit
2645 2610 2715 2649 ex
2741 2599 3028 2666 tempore.

398 2683 622 2755 Greqor.
656 2686 727 2740 Μ.
761 2684 906 2740 hom.
941 2684 1000 2737 in
1035 2698 1123 2736 ev.
1160 2686 1208 2751 1,
1246 2684 1297 2750 8,
1336 2686 1381 2735 1.
1437 2683 1677 2757 σήμερον
1713 2676 1743 2736 ὁ
1781 2677 2023 2756 ἄναρχος
2060 2677 2302 2756 ἄρχεται.
2359 2682 2488 2737 Dee.
2524 2685 2610 2737 25„

579 2771 644 2825 V.
680 2772 714 2823 5
749 2767 842 2842 fig.
895 2769 1141 2825 Verbum
1175 2786 1210 2824 a
1244 2769 1537 2840 principio,
1574 2784 1679 2839 per
1715 2768 1867 2838 quod
1903 2766 2056 2823 facta
2089 2775 2223 2826 sunt
2257 2776 2528 2840 tempora,
2572 2775 2786 2842 tempus
2816 2771 3024 2842 elegit,

398 2874 519 2931 quo
554 2858 865 2929 susciperet
900 2873 1122 2914 carnem
1140 2897 1155 2926 ,
1202 2873 1317 2912 non
1352 2856 1593 2927 tempori
1630 2856 1827 2927 cessit,
1888 2863 1949 2911 ut
1984 2861 2303 2912 verteretur
2339 2857 2397 2911 in
2434 2873 2671 2912 carnem.
2742 2860 3020 2930 Amyn-slin-

401 2963 493 3021 ορ.
530 2949 649 3017 137,
688 2949 768 3002 ιο.

582 3035 647 3089 V.
691 3035 760 3088 10
804 3029 898 3106 fig.
952 3033 1118 3089 Diese
1173 3033 1475 3091 Gedanken
1529 3032 1732 3087 driickt
1787 3031 2076 3087 Teu-tullian.
2128 3033 2253 3087 adv.
2306 3033 2477 3088 Marc.
2531 3035 2592 3103 5,
2654 3036 2700 3090 9.
2756 3053 2824 3092 so
2879 3052 3022 3092 aus:

402 3122 683 3179 nocturna
733 3122 1029 3177 nativitate
1082 3122 1376 3178 declarant
1425 3119 1726 3194 evangelia
1772 3119 2076 3188 dominum,
2140 3125 2201 3175 ut
2248 3122 2355 3179 hoc
2404 3121 2480 3176 sit
2528 3128 2659 3178 ante
2712 3121 3020 3182 luciferum

403 3209 534 3278 (Ps.
572 3212 691 3277 109,
727 3212 820 3280 3),
884 3214 942 3264 et
978 3227 1046 3264 ex
1084 3210 1254 3265 stella
1287 3209 1469 3280 magis
1504 3207 1824 3278 intellecta,
1880 3213 1939 3262 et
1973 3223 2042 3262 ex
2078 3208 2398 3264 testimonio
2436 3209 2660 3282 angeli,
2707 3206 2804 3282 {lui
2842 3219 3019 3268 nocte

406 3296 737 3367 pastoribus
771 3297 1137 3364 annuntiavit,
1173 3303 1363 3351 natum
1399 3312 1525 3350 esse
1561 3295 1870 3366 Christum3
1925 3300 1983 3349 et
2018 3312 2087 3349 ex
2121 3294 2252 3352 loco
2288 3303 2503 3366 partus,
2541 3298 2597 3351 in
2634 3298 3022 3355 diversorium

404 3384 555 3440 enim
589 3385 664 3439 ad
699 3390 919 3440 noctem
953 3385 1296 3440 convenitur.
1366 3385 1636 3439 Fortasse
1664 3400 1737 3439 an
1764 3388 1822 3438 et
1848 3383 2082 3453 mystice
2111 3380 2319 3439 factum
2344 3385 2437 3454 sit,
2472 3391 2534 3441 ut
2559 3391 2726 3441 nocte
2752 3387 3026 3446 christus

404 3476 765 3539 nasceretur,
813 3471 909 3525 lux
943 3471 1201 3526 veritatis
1239 3468 1460 3525 futurus
1495 3469 1840 3541 ignorantiae
1872 3469 2131 3524 tenebris.

588 3558 653 3613 V.
691 3561 772 3612 15.
823 3558 1226 3629 pauperrimus,
1279 3557 1373 3613 τὸν
1429 3560 1663 3626 ἔσχατον
1713 3556 1810 3630 τῆς
1861 3564 2050 3621 πενίας
2105 3555 2237 3633 ὅρον
2273 3557 2332 3613 ἐκ
2367 3564 2672 3631 προοιμίων
2707 3556 2887 3617 αὐτῶν
2925 3565 3024 3618 καὶ

407 3645 477 3713 ἐξ
503 3640 679 3700 αὐτῶν
715 3640 923 3700 ὠδίνων
959 3642 1350 3718 ἀσπαζόμενος.
1422 3646 1480 3702 S.
1517 3647 1861 3719 Chrysostomi
1896 3662 2024 3716 opp.
2063 3649 2150 3714 12,
2185 3648 2302 3700 374.
2339 3648 2423 3701 ed.
2460 3646 2837 3705 montfaucon.

587 3732 651 3786 V.
689 3735 771 3786 17.
823 3733 986 3788 Weil
1021 3734 1129 3788 den
1155 3734 1642 3803 Weltmenschen,
1682 3735 1770 3789 (lie
1808 3735 1928 3789 sich
1965 3733 2060 3789 fiir
2095 3735 2423 3806 ausgekliirt
2457 3735 2676 3805 halten,
2714 3737 2817 3791 das
2855 3739 3024 3795 Chri-

406 3819 695 3878 stenthum
743 3821 865 3876 eine
915 3822 1187 3878 Thorheit
1232 3824 1322 3878 ist.
1376 3825 1400 3880 1
1435 3824 1563 3880 Cor.
1602 3827 1651 3893 1,
1685 3826 1771 3879 23.
1839 3826 1976 3878 Dem
2025 3823 2451 3880 Griecheuthum
2503 3825 2834 3897 gegemiber
2880 3833 3024 3900 sagt

408 3910 592 3967 sehon
642 3911 894 3982 chrysost.
949 3912 1019 3965 de
1070 3912 1509 3982 incomprehens.
1560 3912 1652 3967 dei
1698 3917 1808 3968 nat.
1857 3915 1919 3982 2,
1954 3915 2004 3967 2.
2051 3930 2120 3966 zu
2167 3914 2191 3969 1
2226 3914 2353 3969 Cor.
2400 3915 2451 3982 4,
2491 3916 2536 3967 1.
2589 3913 2770 3984 πάσης
2807 3923 3022 3988 σοφίας

406 3996 547 4068 αὕτη
593 3993 627 4070 ἦ
673 4002 856 4073 μωρία
908 4002 1316 4076 φρονιμωτέρα·
1366 3996 1409 4054 ἅ
1459 3998 1569 4075 γὰρ
1622 3995 1719 4055 οὐκ
1774 4002 1998 4067 ἴσχυσεν
2049 3995 2082 4070 ἦ
2119 4003 2333 4066 ἔξωθεν
2368 3997 2542 4076 εὑρεῖν
2581 4008 2781 4072 σοφία,
2839 4003 3022 4059 ταῦτα

410 4086 787 4164 κατώρθωσεν
838 4082 872 4158 ἦ
923 4093 1107 4163 μωρία
1153 4086 1186 4162 ἦ
1238 4088 1376 4144 κατὰ
1421 4086 1680 4164 Χριστόν.
1737 4086 1870 4158 αὕτη
1907 4086 1970 4144 τὸ
2006 4085 2202 4151 σκότος
2239 4089 2333 4159 τῆς
2368 4091 2680 4161 οἰκουμένης
2719 4089 3020 4163 ἀπήλασεν,

410 4171 551 4244 αὕτη
602 4174 662 4230 τὸ
700 4173 821 4246 φῶς
859 4173 954 4247 τῆς
988 4174 1238 4249 γνώσεως
1275 4174 1603 4252 ἐπανήγαγε.
1674 4174 1731 4230 S.
1768 4175 1911 4230 auch
1943 4175 2046 4230 No.
2083 4177 2168 4245 53,
2206 4177 2288 4230 81.
2357 4177 2475 4231 Den
2511 4177 2700 4233 Grund
2737 4179 2839 4233 der
2871 4178 3024 4234 Ver·-

412 4261 665 4333 achtung
711 4262 892 4334 geben
940 4261 1207 4336 folgende
1254 4263 1473 4319 Stelleu
1521 4280 1608 4318 an.
1679 4263 1923 4319 Stultum
1958 4263 2270 4317 hominibus
2305 4263 2484 4318 visum
2520 4270 2633 4332 est,
2673 4268 2733 4319 ut
2768 4280 2875 4335 pro
2914 4265 3022 4320 ho-

414 4347 655 4402 minibus
694 4355 892 4405 auctor
927 4351 1060 4405 vitae
1096 4356 1426 4407 moreretur.
1481 4352 1700 4422 (ἕτερον.
1736 4352 1805 4406 Μ.
1841 4350 2029 4406 homil.
2068 4350 2125 4405 in
2162 4368 2246 4406 ev.
2283 4354 2332 4419 1,
2368 4352 2420 4420 6,
2460 4354 2504 4407 1.
2587 4353 2801 4406 Insania
2837 4352 3022 4423 magi-

412 4434 553 4489 stris
600 4435 814 4490 veritas
868 4439 1190 4494 scandalum
1244 4444 1363 4509 est,
1429 4444 1487 4494 et
1540 4439 1705 4494 caecis
1754 4439 2080 4496 doctoribus
2114 4436 2182 4496 fit
2215 4439 2405 4511 caligo
2425 4480 2439 4509 ‚
2504 4440 2656 4510 quod
2688 4439 2878 4494 lumen
2911 4445 3024 4498 est,
3117 4459 3128 4466 ·

413 4521 575 4577 Leon.
604 4523 675 4577 M.
711 4538 873 4577 serm.
909 4527 996 4594 35,
1031 4529 1079 4580 2.

593 4612 659 4667 V.
693 4615 944 4668 22—24.
997 4615 1185 4685 Opera
1230 4618 1322 4672 dei
1368 4633 1471 4687 per
1519 4616 1827 4688 potentiam
1875 4615 2030 4671 aliud
2065 4617 2398 4688 ostendunt,
2460 4619 2519 4671 et
2551 4629 2655 4688 per
2688 4614 3022 4688 mysterium

414 4702 581 4761 aliud
613 4703 932 4777 loquuntur.
986 4704 1201 4778 Gregor.
1235 4707 1305 4763 Μ.
1340 4704 1530 4763 homil.
1562 4705 1622 4761 in
1657 4720 1742 4760 ev.
1781 4707 1830 4776 1,
1865 4706 1916 4776 2,
1955 4707 1999 4760 1.
