3159 5259
650 425 900 492 Dextra
942 424 1097 490 forti
1142 445 1271 509 qua
1313 425 1574 509 fregisti
1617 422 2015 491 Acherontis
2049 425 2323 509 januas,

648 530 881 612 frange
926 546 1106 594 meos
1150 530 1439 595 inimicos
1476 549 1601 596 nec
1643 548 1775 595 non
1818 539 1886 594 et
1927 529 2193 595 insidias
2213 576 2230 611 ,

651 633 880 717 quibus
925 632 1151 698 volunt
1195 651 1520 717 occupare
1566 632 1783 699 cordis
1827 634 1954 698 mei
1997 634 2276 698 semitas.
2946 634 3033 697 15

648 786 830 854 Audi
872 787 1036 852 Jesu
1078 808 1179 852 me
1225 788 1609 853 clamantem
1653 796 1719 852 et
1762 796 2145 873 peccantem
2186 788 2513 876 miserum,

647 899 715 956 et
759 891 1074 972 quaerenti
1116 891 1424 974 pietatem
1466 891 1734 974 porrige
1781 890 2077 957 solatium
2093 938 2110 972 ,

647 1014 733 1058 ne
777 994 1115 1075 insurgant
1157 994 1393 1058 inimici
1435 994 1561 1056 mei
1607 993 1690 1057 ad
1736 994 2170 1077 obprobrium.

646 1156 1077 1220 Destruautur
1121 1162 1188 1217 et
1230 1155 1600 1235 tabescant,
1647 1174 1748 1219 me
1792 1155 1902 1235 qui
1946 1154 2174 1219 volunt
2215 1154 2528 1238 perdere,

650 1259 766 1325 fiat
808 1259 935 1322 illis
979 1258 1045 1321 in
1089 1258 1337 1320 ruinam
1380 1257 1653 1339 laqueus
1700 1256 1977 1320 invidiae.
2924 1264 3013 1328 2ο

647 1363 808 1428 Jesu
853 1363 961 1446 pie
981 1409 999 1445 ,
1045 1361 1208 1426 Jesu
1250 1362 1452 1443 bone,
1498 1361 1633 1424 noli
1676 1380 1781 1425 me
1825 1361 2210 1443 relinquere.

646 1522 745 1588 Tu
786 1531 1124 1608 protector
1168 1531 1234 1587 et
1278 1522 1615 1604 defensor,
1663 1532 1733 1587 tu
1777 1523 1866 1586 sis
1909 1522 2065 1587 mihi
2109 1523 2386 1608 clipeus,

644 1636 714 1693 ut
758 1629 1054 1692 resistam
1098 1636 1164 1691 te
1207 1636 1466 1691 rectore
1511 1626 1666 1690 mihi
1712 1625 2201 1691 detrahentibus

642 1740 710 1795 et
755 1729 1000 1795 eisdem
1043 1731 1366 1814 superatis
1410 1728 1735 1812 gaudeam
1780 1728 2036 1795 diutius.

647 1890 838 1956 Mitte
883 1898 1174 1955 sanctum
1219 1889 1301 1954 de
1348 1891 1647 1975 supernis
1693 1889 1955 1956 sedibus
1997 1891 2413 1975 paraclitum,
2924 1896 3006 1959 25

645 2012 766 2059 suo
808 2014 1020 2059 meum
1065 1996 1176 2077 qui
1222 1993 1498 2058 illustret
1542 1994 1894 2077 splendore
1943 1994 2308 2075 consilium,

647 2097 944 2163 odientes
987 2116 1089 2161 me
1134 2098 1414 2179 repellat
1462 2105 1529 2162 et
1572 2114 1798 2162 eorum
1842 2097 2075 2162 odium.

643 2261 910 2329 Sanotae
956 2265 1166 2331 crucis
1211 2272 1342 2329 tuae
1387 2266 1639 2347 signum
1684 2282 1911 2349 sensus
1955 2281 2136 2328 meos
2180 2259 2424 2328 muniat

643 2374 710 2430 et
753 2366 996 2431 vexillo
1041 2367 1414 2453 triumphali
1458 2388 1560 2433 me
1606 2368 1923 2434 victorem
1969 2367 2196 2450 faciat,

646 2475 718 2532 ut
764 2467 1058 2533 devictus
1102 2471 1393 2537 inimicus
1437 2471 1687 2535 viribus
1733 2469 2010 2535 deficiat.
2923 2469 3015 2534 30

655 2631 972 2695 Miserere
1019 2631 1143 2695 mei
1189 2632 1380 2716 Jesu,
1425 2634 1562 2698 vivi
1607 2633 1712 2698 dei
1757 2636 2014 2717 genite,

646 2736 956 2800 miserere
1001 2733 1409 2820 deprecanti,
1458 2738 1839 2819 angelorum
1885 2736 2172 2819 domine,

645 2846 785 2904 esto
833 2857 1090 2923 semper
1132 2857 1377 2905 memor
1418 2842 1578 2924 mei,
1626 2826 1814 2905 dator
1860 2840 2297 2924 indulgentiae.

650 2998 826 3064 Deus
871 3007 1091 3084 pater,
1141 3000 1301 3065 deus
1347 3000 1467 3084 fili,
1516 3001 1677 3067 deus
1723 3003 1889 3066 alme
1935 3003 2232 3086 spiritus,

642 3104 752 3186 qui
796 3122 1053 3188 semper
1098 3123 1171 3170 es
1217 3123 1380 3171 unus
1426 3105 1588 3171 deus
1635 3104 2002 3188 dicerisque
2048 3104 2340 3170 dominus
2358 3153 2379 3187 ,
2882 3106 3003 3168 .35

643 3208 758 3273 tibi
802 3209 1006 3273 virtus
1051 3210 1133 3273 sit
1177 3208 1482 3291 perennis
1527 3207 1864 3290 honorque
1908 3216 2280 3291 perpetuus,

563 3426 948 3485 Reichenauer
982 3429 1077 3483 Hs.
1112 3429 1218 3484 No.
1254 3431 1342 3484 36.
1389 3429 1475 3484 Bl.
1509 3432 1578 3483 45
1617 3429 1728 3499 (B)
1777 3428 1889 3483 und
1926 3428 2020 3483 Hs.
2071 3429 2174 3484 der
2209 3427 2694 3485 Stadtbibliothek
2729 3444 2799 3483 zu
2835 3428 3006 3483 Trier

386 3513 491 3571 No.
527 3515 635 3567 737
674 3517 787 3584 (A)
834 3531 935 3571 aus
983 3517 1109 3572 dem
1146 3521 1213 3572 12
1248 3518 1475 3587 Jahrh.;
1545 3516 1739 3573 ferner
1786 3519 1883 3573 Hs.
1936 3518 2036 3573 der
2080 3515 2408 3574 Bibliothek
2446 3533 2517 3572 zu
2550 3516 2749 3573 Mainz.
2800 3516 3001 3570 Karth.

391 3602 500 3658 No.
536 3603 656 3656 622.
691 3601 773 3657 Bl.
815 3604 918 3656 156
952 3619 1054 3657 aus
1096 3604 1218 3660 dem
1256 3609 1323 3659 12
1357 3606 1552 3662 Jahrb.
1590 3608 1714 3677 (C).
1786 3607 1879 3661 lls.
1917 3622 1987 3661 zu
2022 3606 2380 3662 Lichtenthal
2416 3604 2524 3675 (Ι.)
2562 3603 2662 3659 des
2701 3607 2770 3659 14
2803 3602 3004 3661 Jahrb.

562 3705 766 3763 Sowol
802 3707 949 3763 nach
983 3706 1106 3762 dem
1140 3708 1578 3780 Strophenmass
1617 3713 1704 3767 als
1739 3713 1883 3768 auch
1922 3712 2101 3767 durch
2135 3711 2241 3767 den
2278 3709 2574 3767 Gebrauch
2613 3710 2715 3765 des
2750 3709 2997 3767 Wortes
3038 3692 3047 3699 .

384 3794 650 3853 Acheron
685 3794 839 3866 zeigt
873 3794 994 3850 sich
1029 3794 1210 3850 dieses
1243 3797 1379 3851 Lied
1415 3798 1530 3854 viel
1564 3799 1716 3855 alter
1751 3798 1840 3854 als
1876 3798 1968 3853 die
2002 3794 2450 3854 Handschriften.

566 3935 602 3987 2
641 3949 888 4005 regnans
922 3936 1004 4005 A,
1044 3951 1265 4006 semper
1300 3937 1445 3994 fehlt
1477 3940 1555 4007 A,
1594 3944 1793 3994 sancto
1830 3935 1975 3993 fehlt
2009 3938 2072 3994 Β.
2141 3934 2175 3992 3
2213 3941 2275 3993 tu
2311 3934 2349 3991 f.
2385 3951 2531 3992 nunc
2565 3936 2650 4007 A,
2699 3940 2929 3990 nostras
2964 3932 3005 3989 f.

383 4033 540 4075 meas
573 4021 642 4088 A,
680 4022 835 4076 clem.
871 4020 1016 4078 fehlt
1051 4024 1107 4079 L.
1179 4026 1215 4078 4
1253 4027 1401 4082 coelo
1436 4028 1501 4083 A.
1572 4028 1607 4079 7
1642 4025 1745 4081 illa
1781 4024 1820 4081 f.
1855 4031 1952 4081 tua
1987 4026 2143 4083 ACL.
2213 4026 2249 4079 9
2284 4040 2394 4081 vor
2430 4025 2640 4079 diesem
2666 4024 2814 4078 Vers
2851 4024 3007 4079 steht

383 4108 441 4163 in
476 4109 549 4165 L:
587 4109 769 4180 sitque
796 4112 932 4166 mihi
958 4128 1096 4167 vera
1123 4114 1278 4169 salus
1307 4120 1402 4169 tua
1430 4113 1804 4183 resurrecti03
1842 4113 1932 4168 die
1960 4112 2082 4167 drei
2107 4110 2412 4184 folgenden
2438 4110 2622 4166 Verse
2660 4108 2853 4166 fehlen
2880 4110 3006 4165 hier

385 4197 500 4252 und
532 4198 728 4253 stehen
758 4201 904 4253 nach
932 4200 996 4254 V.
1018 4202 1102 4254 15.
1169 4202 1240 4255 10
1273 4202 1555 4272 protectio
1584 4200 1641 4256 L.
1708 4202 1774 4254 12
1793 4215 1895 4255 nec
1913 4200 1973 4269 L,
2000 4196 2360 4255 fraudulento
2387 4198 2455 4253 A.
2519 4200 2587 4252 13
2625 4198 2860 4253 dextera
2896 4196 3007 4254 AL.

385 4286 454 4339 14
488 4284 633 4339 inim.
672 4291 731 4341 et
764 4301 959 4341 eorum
993 4286 1050 4341 L.
1152 4288 1221 4340 16
1269 4287 1493 4343 Christe
1540 4290 1864 4356 precantem
1910 4287 1970 4340 in
2018 4287 2268 4357 peccatis
2313 4285 2453 4340 meis
2501 4298 2590 4340 me
2624 4284 2891 4341 miseram
2924 4286 2997 4353 A,

384 4368 608 4428 Christe
650 4404 714 4414 —
751 4373 1000 4443 peccatis
1040 4373 1113 4441 C,
1164 4373 1386 4429 Christe
1422 4389 1491 4428 m.
1531 4373 1600 4427 cl.
1636 4378 1996 4443 peccatorem
2030 4372 2091 4428 L.
2180 4373 2249 4427 18
2287 4373 2345 4427 in
2379 4388 2467 4429 me
2502 4372 2651 4426 inim.
2687 4373 2768 4442 A,
2822 4386 3008 4427 meum

384 4456 460 4515 ad
494 4459 597 4517 GL.
670 4462 739 4515 19
775 4457 1120 4515 confundere
1157 4458 1196 4516 f.
1230 4460 1389 4532 perd.
1425 4463 1498 4530 B,
1555 4477 1643 4515 me
1680 4458 1827 4515 fehlt
1862 4461 1921 4517 C.
1990 4462 2063 4515 20
2096 4459 2316 4516 insidiae
2351 4462 2417 4517 A.
2487 4460 2557 4513 21
2594 4458 2737 4515 Jesu
2769 4458 3001 4515 Christe

381 4547 476 4618 pie
513 4546 661 4602 bone
696 4547 763 4615 A,
804 4545 1196 4618 derelinquere
1230 4549 1312 4616 A,
1359 4563 1446 4601 me
1484 4546 1631 4603 fehlt
1667 4548 1726 4604 C.
1797 4548 1869 4602 22
1909 4562 2064 4603 meus
2101 4552 2163 4604 tu
2196 4550 2277 4615 A,
2312 4553 2372 4603 et
2407 4542 2663 4602 defensio
2698 4541 2741 4600 f.
2776 4544 2908 4616 clip.
2943 4544 3006 4601 1..

379 4634 454 4692 25
468 4664 530 4676 --
544 4636 616 4690 27
654 4633 853 4690 stehen
879 4635 1026 4691 nach
1061 4634 1163 4692 der
1199 4632 1510 4708 folgenden
1543 4634 1795 4708 Strophe
1833 4635 1895 4695 C.
1980 4636 2051 4692 26
2087 4632 2184 4711 qui
2216 4632 2365 4697 fehlt
2395 4634 2441 4693 L
2454 4672 2471 4707 ,
2532 4632 2726 4692 cordis
2763 4632 2875 4690 mei
2909 4631 3009 4705 qui
