3159 5259
342 264 475 333 288

344 453 458 521 Me
502 452 882 536 despectum
924 449 1251 514 hominem
1708 448 1776 512 in
1818 446 1985 512 hora
2030 443 2332 513 sacrificii

435 556 724 639 digneris
771 553 1082 619 exaudire
1795 551 1922 615 mei
1965 557 2373 615 mementote.

343 669 521 727 tuam
567 668 635 724 et
676 659 1084 725 dulcedinem

432 762 690 845 largam
733 759 841 824 fac
883 778 988 823 me
1034 759 1296 823 sentire.
1517 758 1605 823 40
1708 710 2028 776 mmmm
2075 710 2418 792 altiSSima’

1796 832 1996 897 super
2036 832 2140 876 me
2187 812 2478 896 intende,

345 924 437 994 Ut
481 929 748 990 sanatus
791 919 1017 1004 hodie,
1709 916 1875 982 hora
1918 925 2051 982 tam
2099 916 2506 981 sanctissima
2908 919 3003 981 55

434 1036 681 1113 praesta
724 1025 853 1091 hoc
897 1025 1082 1108 mihi,
1129 1024 1323 1106 deuS,
1796 1020 1953 1085 mihi
1997 1018 2469 1085 condescende.

349 1139 419 1198 et
461 1132 530 1196 in
573 1139 685 1196 tua
726 1129 894 1195 facie

439 1234 523 1299 sit
567 1232 805 1299 ardens
849 1249 1033 1297 amor
1068 1250 1264 1297 meus.
1708 1181 1886 1251 ¹3:⁰⁰⁰
1921 1180 2062 1266 jam
2108 1181 2403 1247 summm

1798 1284 2149 1369 conjuncta
2192 1283 2356 1348 fiunt
2397 1284 2574 1367 imis,

350 1396 451 1465 Tu
490 1416 700 1463 meam
745 1396 1062 1463 desidiam
1518 1398 1603 1461 45
1712 1388 1800 1453 ad
1842 1389 1992 1454 loca
2033 1387 2298 1452 humilia

437 1508 505 1565 et
548 1500 919 1584 scrupulum
964 1500 1207 1564 erroris
1797 1511 1918 1556 rex
1961 1491 2238 1575 pulcher
2271 1491 2424 1555 veni
2465 1490 2667 1555 nimis.
2901 1492 2990 1555 60

348 1622 474 1689 per
516 1611 910 1687 praesentem
954 1603 1231 1685 gratiam

436 1705 672 1791 procul
705 1703 956 1788 repelle
993 1703 1172 1768 foris.
1709 1655 1812 1721 Da
1855 1655 2092 1720 mereri
2135 1655 2415 1749 gratim

1798 1768 1931 1825 tuae
1978 1759 2361 1825 donationis.

353 1864 655 1932 Goelestis
700 1867 868 1932 aulae
912 1867 1117 1932 nuntii
1715 1862 2010 1928 obtinere
2051 1863 2327 1959 gloriam

439 1976 801 2052 praesentes
844 1966 954 2034 hic
997 1976 1241 2051 estote,
1522 1970 1608 2031 50
1807 1974 1873 2031 et
1916 1967 2129 2033 locum
2171 1965 2539 2031 mansionis.

534 2148 922 2205 Reichenauer
956 2146 1213 2220 Pap-Hs.
1249 2146 1356 2202 No.
1393 2146 1483 2202 36.
1515 2144 1555 2201 f.
1591 2147 1675 2201 40.

526 2273 563 2326 4
597 2271 896 2342 concupivi
930 2271 1025 2327 Hs.
1097 2274 1132 2324 7
1178 2270 1273 2344 qui
1308 2267 1452 2326 fehlt
1485 2267 1580 2326 Hs.
1653 2269 1689 2323 8
1735 2268 1972 2339 implens
2011 2268 2174 2325 donis
2210 2270 2305 2327 Hs.
2375 2275 2448 2326 27
2481 2276 2663 2328 totum
2707 2288 2800 2329 me
2841 2290 2984 2332 con-

347 2356 680 2501 zissgaffllis.
751 2361 822 2414 33
869 2377 906 2416 o
952 2355 1038 2414 fili
1085 2357 1179 2414 dei
1224 2359 1372 2415 bone
1419 2356 1515 2413 Hs.
1585 2357 1657 2412 35
1704 2371 1808 2412 am.
1855 2355 1937 2411 sis
1984 2355 2080 2412 Hs.
2166 2358 2238 2412 36
2285 2358 2422 2417 mihi
2469 2358 2563 2417 11⁸.
2635 2359 2705 2414 58
2753 2367 2893 2417 sunt
2942 2358 2986 2417 f.

417 2570 425 2577 '
524 2564 591 2621 V.
625 2568 697 2621 49
713 2598 776 2608 -
792 2568 878 2620 52.
938 2565 1165 2622 Auxilio
1205 2563 1297 2622 dei
1330 2579 1437 2636 per
1472 2565 1658 2621 bonos
1707 2564 1963 2620 homines
2015 2570 2075 2621 et
2123 2566 2307 2622 bonos
2355 2566 2596 2639 angelos
2641 2567 2982 2641 indigemus.

352 2650 622 2722 Aust-stin.
658 2652 768 2706 div,
806 2658 999 2723 quaest.
1036 2654 1122 2708 70.

530 2737 599 2794 V.
633 2741 717 2794 57.
753 2740 837 2794 58.
889 2739 1000 2796 Per
1034 2739 1175 2795 illud
1210 2739 1505 2811 singulare
1542 2735 1907 2809 sacrificium,
1942 2739 2002 2793 in
2040 2756 2152 2811 qno
2190 2742 2469 2799 mediator
2505 2749 2596 2799 est
2633 2743 2980 2814 immolatus,

349 2828 721 2903 pacificantur
770 2830 1029 2886 coelestia
1075 2845 1200 2885 cum
1246 2830 1618 2886 terrestribus
1665 2835 1726 2886 et
1776 2829 2076 2885 terrestria
2123 2842 2246 2885 cum
2295 2829 2637 2887 coelestibus.
2704 2832 2981 2902 Auqaeesem.

351 2918 618 2975 enchirid.
655 2918 740 2975 16.
795 2915 1015 2974 Coloss.
1053 2920 1104 2989 1,
1141 2919 1224 2972 19.
1259 2918 1344 2972 20.

528 3005 595 3062 V.
631 3006 717 3061 64.
771 3005 874 3062 Bci
907 3006 1169 3062 Bernard.
1208 3023 1338 3079 opp.
1371 3009 1426 3077 2,
1461 3006 1586 3062 898.
1622 3009 1686 3061 ut
1722 3005 1887 3061 detur
1919 3005 2024 3062 tibi
2058 3006 2292 3063 mansio.
2362 3007 2524 3062 Nach
2557 3006 2684 3063 Joh.
2722 3007 2811 3075 14,
2846 3007 2902 3062 2.

526 3128 656 3185 Von
692 3127 902 3183 diesem
935 3128 1106 3184 Liede
1140 3128 1219 3185 ist
1252 3128 1354 3184 das
1390 3126 1662 3201 folgende
1697 3127 1821 3199 eine
1850 3143 1918 3184 so
1944 3130 2107 3185 stark
2133 3128 2539 3185 abweichende
2568 3129 2979 3203 Bearbeitung,

354 3215 490 3270 dass
537 3231 668 3270 man
714 3215 879 3271 beide
923 3217 1078 3272 nicht
1124 3215 1247 3272 wol
1293 3215 1603 3270 versweise
1650 3214 2018 3286 vergleichen
2066 3216 2217 3271 kann
2230 3257 2248 3284 ,
2313 3215 2559 3273 sondern
2593 3216 2790 3273 besser
2827 3217 2979 3289 thut,

350 3315 522 3372 wcnn
552 3318 681 3357 man
717 3304 800 3358 sie
837 3304 1018 3360 neben
1050 3302 1317 3359 einander
1351 3302 1526 3370 stent,
1561 3318 1654 3358 um
1690 3301 1813 3357 ihre
1840 3300 2231 3377 Ahweichung
2258 3303 2505 3361 deutlich
2531 3321 2602 3360 zu
2642 3303 2980 3361 erkennen?

689 3635 864 3709 225.
935 3635 1191 3710 Oratio
1239 3646 1399 3709 ante
1453 3636 1913 3709 elevationem
1969 3638 2290 3733 corporis
2344 3632 2634 3710 Christi.

354 3856 410 3925 0
456 3856 734 3924 colenda
778 3855 1020 3941 deitas,
1715 3855 1926 3922 Visita
1968 3874 2089 3923 nos
2136 3855 2334 3922 hodie

439 3970 509 4028 te
550 3963 789 4029 invoco
832 3962 897 4026 in
945 3960 1108 4044 fide,
1801 3961 1866 4025 in
1911 3966 2025 4026 tuo
2071 3962 2360 4044 salutari,
2893 3964 2981 4028 10

352 4085 397 4134 o
441 4065 719 4133 amanda
759 4066 1050 4149 bonitas,
1717 4062 1903 4147 cujus
1946 4083 2067 4130 nos
2111 4066 2486 4149 praesentiae

439 4189 613 4237 nunc
654 4168 808 4236 audi
849 4189 954 4235 me
999 4176 1068 4234 et
1110 4167 1296 4234 vide!
1800 4166 1911 4234 fac
1955 4167 2153 4252 digne
2197 4169 2605 4254 praesentari.

354 4331 514 4398 'l'nae
558 4331 954 4397 celsitudinis
1565 4332 1606 4393 5
1716 4326 1851 4394 Cor
1895 4331 2145 4396 caelesti
2188 4331 2383 4416 adipe

441 4453 614 4501 nunc
648 4435 879 4500 coelum
921 4433 1030 4500 hic
1071 4441 1399 4518 patescat,
1802 4431 1910 4498 fac
1951 4441 2244 4499 nostrum
2286 4434 2683 4520 inpinguati,

351 4538 572 4605 lumen
613 4537 707 4603 tui
748 4536 1001 4602 luminis
1713 4538 1867 4621 igne
1911 4543 2022 4601 tuo
2066 4537 2360 4620 praecipe
2892 4539 2926 4602 1
2939 4542 2979 4605 5

427 4639 571 4724 jam
617 4656 816 4723 snper
863 4654 984 4703 nos
1028 4637 1464 4723 splendescat.
1799 4639 1869 4707 id
1911 4639 2123 4725 ipsum
2164 4641 2563 4711 inflammari.
