3159 5259
350 490 577 563 Gregor
612 490 665 547 d.
701 489 793 548 Gr.
839 490 1147 547 behandelt
1191 491 1251 546 in
1298 491 1446 547 :wei
1491 489 1922 548 aussiihrlichen
1954 493 2178 572 Stellen
2212 494 2321 551 den
2355 495 2645 569 tiglichen
2679 498 2802 555 uni

161 577 495 652 jahrlichen
522 577 646 634 ‘rod
682 578 786 632 der
811 577 994 632 Natur
1032 577 1144 632 und
1171 577 1261 633 ihr
1287 575 1788 636 Wiederaufleben
1824 581 1913 635 als
1949 582 2073 637 eine
2099 581 2386 637 Parallele
2413 583 2513 639 des
2538 588 2797 644 mensch·

169 666 359 721 lichen
387 664 573 721 ‘rodes
598 665 714 720 und
739 665 840 720 der
864 661 1300 737 Auferstehung.
1343 666 1446 721 Die
1481 667 1665 722 Natur
1702 667 1860 723 ahmt
1893 667 2109 740 taglich
2145 669 2257 724 und
2287 669 2542 742 jahrlich
2576 687 2791 729 unsem

165 752 295 810 ‘l’od
341 751 455 807 und
501 768 671 806 unsre
717 748 1145 823 Auferstehung
1191 752 1249 806 in
1295 752 1475 807 iluem
1507 750 1781 808 Vei-lause
1831 754 2006 824 nach,
2069 755 2181 810 und
2216 770 2383 811 wenn
2419 756 2522 811 der
2556 759 2794 815 Mensch

167 839 349 892 schon
385 853 488 891 aus
524 833 711 893 disse?
745 837 1156 909 Beobachtung
1189 839 1343 898 seine
1368 835 1622 895 Zulmnft
1654 840 1966 896 schliessen
1999 840 2169 911 kann,
2205 858 2274 898 so
2301 843 2401 897 hat
2425 842 2564 900 Gott
2589 844 2790 899 diesen

164 923 407 979 Schluss
442 923 619 979 durch
653 923 744 978 die
778 920 1202 995 Auferstehung
1238 924 1454 980 Christi
1499 925 1643 980 auch
1680 941 1782 980 zur
1816 926 2298 999 geschichtlichen
2333 928 2643 985 Wahrheit
2674 929 2793 986 und

162 1009 512 1067 Gewissheit
545 1010 810 1068 erhoben.
879 1012 1061 1067 'enen
1095 1010 1401 1066 menschen
1437 1011 1566 1067 also
1586 1053 1602 1081 ,
1640 1012 1861 1068 welche
1899 1014 1989 1070 die
2025 1011 2415 1087 Offenbarung
2448 1017 2598 1079 noch
2631 1017 2793 1074 nicht

166 1097 388 1152 konnen
401 1138 417 1168 ,
480 1098 607 1170 gibt
653 1098 755 1154 der
790 1096 1066 1153 Wechsel
1113 1096 1213 1152 des
1260 1097 1643 1154 Naturlebens
1683 1099 2022 1172 Anleitung,
2084 1099 2193 1157 auf
2218 1102 2310 1157 (lie
2346 1102 2609 1158 fihnliche
2644 1102 2794 1159 Ver·

160 1187 466 1259 anderung
512 1186 613 1241 des
659 1185 1075 1242 menschlichen
1118 1184 1340 1240 Lebens
1387 1202 1459 1240 su
1515 1185 1825 1242 schliessen
1874 1186 1985 1242 und
2031 1187 2281 1244 dadurch
2328 1186 2422 1245 ffir
2470 1189 2561 1244 die
2599 1186 2796 1247 Offen-

164 1273 391 1345 barung
438 1271 824 1346 empfiinglich
878 1290 949 1329 zu
994 1271 1256 1340 werden3
1319 1272 1459 1344 jene
1508 1272 1677 1342 aber,
1730 1273 1953 1328 welche
2002 1273 2090 1329 die
2126 1273 2514 1349 Offenbarung
2546 1276 2792 1346 konnen,

166 1360 382 1413 wissen
417 1359 695 1428 dadurch,
760 1360 893 1415 dass
929 1359 1035 1413 der
1069 1357 1428 1428 periodische
1465 1359 1746 1414 Wechsel
1781 1361 1882 1414 des
1916 1360 2295 1417 Naturlebens
2330 1361 2432 1418 mit
2467 1362 2591 1417 dem
2625 1361 2790 1419 'rodo

168 1444 277 1499 der
309 1444 660 1502 menschheit
693 1461 785 1500 am
809 1446 1091 1518 jiingsten
1127 1445 1284 1517 'rago
1333 1461 1459 1502 zum
1492 1446 1806 1502 Abschluss
1841 1447 2069 1504 kommt.
2138 1448 2277 1503 Wie
2310 1449 2451 1504 weit
2486 1446 2640 1503 ‹liese
2676 1448 2792 1504 Bo-

164 1530 476 1603 trachtung
511 1531 612 1586 der
638 1531 821 1587 Natur
855 1546 969 1586 von
1005 1531 1161 1585 einer
1196 1532 1567 1602 empirischen
1604 1534 1746 1591 oder
1773 1531 2189 1590 fatalistischen
2215 1535 2450 1591 Ansicht
2488 1532 2791 1589 derselben

169 1614 423 1672 entfernt
457 1617 559 1685 ist,
615 1614 827 1673 bedarf
850 1615 1049 1672 keines
1085 1617 1374 1673 Beweises
1394 1658 1410 1688 ,
1462 1618 1585 1674 wol
1620 1619 1760 1674 aber
1796 1619 1874 1674 ist
1910 1636 1973 1674 es
2009 1620 2286 1690 niitzlich,
2348 1620 2538 1691 einige
2573 1619 2792 1689 Haupt-

162 1703 375 1759 stellen
402 1703 656 1775 Gregors
683 1701 1050 1773 anzufiihren,
1085 1721 1179 1760 um
1204 1706 1360 1760 seine
1385 1706 1770 1779 Auschauung
1792 1705 2015 1762 konnen
2039 1723 2112 1762 zu
2137 1707 2349 1762 lernen.
2383 1705 2582 1764 Mor-al.
2604 1707 2688 1774 14,
2708 1705 2786 1761 w

166 1795 303 1862 sagt
337 1805 403 1846 er
438 1806 625 1862 gegen
661 1790 752 1845 die
778 1792 1043 1864 Languor
1080 1793 1181 1848 der
1205 1792 1632 1866 Auferstehung
1668 1794 1767 1849 des
1793 1794 2106 1851 Fleisches:
2146 1793 2241 1865 qui
2265 1793 2317 1850 si
2344 1791 2788 1848 resurrectionis

166 1872 338 1931 fidem
381 1893 451 1931 ex
502 1877 825 1932 obedientia
872 1894 986 1962 non
1033 1884 1252 1949 tenent,
1314 1887 1470 1936 certe
1506 1882 1653 1936 hanc
1688 1887 1879 1936 tenere
1915 1896 1991 1937 ex
2025 1884 2228 1936 ratione
2264 1880 2591 1936 debuerant.
2660 1877 2792 1950 quid

164 1967 305 2018 enim
351 1965 573 2034 quotidie
616 1967 719 2019 nisi
762 1969 1200 2021 resurrectionem
1241 1972 1477 2022 nostram
1532 1971 1592 2022 in
1628 1970 1886 2023 elementis
1930 1970 2038 2023 suis
2081 1968 2307 2022 mundus
2351 1966 2618 2022 meatur?
2678 1976 2794 2035 per

164 2049 498 2120 quotidiana
532 2051 739 2121 quippe
772 2056 1053 2106 momenta
1088 2051 1185 2106 lux
1220 2053 1348 2122 ipsa
1382 2053 1717 2124 temporalis
1754 2056 1900 2124 quasi
1932 2055 2182 2120 moritur,
2220 2052 2349 2107 dum
2383 2050 2792 2121 supervenien-

164 2135 319 2191 tibus
354 2136 539 2190 noctis
576 2136 825 2192 tenebris
862 2153 947 2207 ea,
984 2153 1110 2208 quae
1146 2139 1556 2209 aspiciebatur,
1595 2138 1975 2208 subtrahitur,
2012 2143 2071 2194 et
2104 2143 2251 2211 quasi
2282 2140 2504 2210 quotidie
2536 2140 2792 2208 resumit,

167 2222 295 2276 (lum
331 2223 429 2277 lux
462 2223 659 2278 ablata
697 2223 878 2280 oculis
915 2226 1224 2295 suppressa
1261 2226 1463 2280 iterum
1499 2231 1667 2280 nocte
1703 2231 2017 2296 reparatur.
2086 2226 2198 2282 Per
2230 2229 2511 2281 momenta
2545 2237 2788 2294 quaeque

162 2313 479 2379 temporum
514 2310 787 2365 cernimus
823 2310 1058 2366 arbusta
1092 2311 1439 2367 viriditatem
1469 2309 1742 2367 foliorum
1769 2312 2046 2381 amittere,
2082 2326 2118 2366 a
2144 2309 2426 2367 fructuum
2450 2308 2785 2382 prolatione

166 2411 427 2464 cessare,
492 2401 552 2452 et
597 2411 728 2452 ecoe
776 2396 965 2453 subito
1014 2398 1176 2470 quasi
1210 2415 1281 2454 ex
1314 2397 1598 2454 arescenti
1633 2398 1794 2469 ligno
1831 2401 1969 2455 velia!
2002 2400 2226 2470 quodam
2259 2401 2642 2454 resurrectione
2677 2410 2785 2452 ve-

164 2486 339 2538 niente
385 2482 640 2539 videmus
688 2481 831 2540 folia
881 2499 1202 2556 erumpere,
1265 2483 1487 2541 fructus
1523 2486 1903 2558 grandescere
1939 2489 1998 2541 et
2032 2489 2211 2542 totam
2245 2485 2510 2543 arborem
2544 2483 2786 2539 redivivo

164 2568 372 2625 decore
419 2571 633 2626 vestiri.
704 2572 1090 2627 Indesinenter
1137 2572 1413 2628 cernimus
1461 2588 1646 2644 parva
1693 2573 1960 2629 arborum
1995 2573 2208 2628 semina
2242 2577 2417 2628 terreo
2451 2569 2785 2627 humoribus

164 2657 560 2727 commendari,
596 2674 667 2713 ex
702 2658 904 2729 quibus
940 2675 1055 2715 non
1091 2657 1266 2731 longe
1300 2665 1436 2732 post
1470 2660 1772 2730 aspicimus
1805 2669 2013 2731 magna
2047 2660 2281 2716 arbusta
2305 2675 2559 2731 surgere.
2596 2688 2659 2698 —
2698 2655 2786 2716 Er

162 2740 327 2799 f'uhrt
364 2744 483 2799 dies
519 2744 668 2800 noch
702 2745 907 2800 weiter
940 2761 1044 2800 aus
1080 2745 1193 2800 und
1228 2752 1362 2818 sagi
1398 2747 1644 2804 sodann.
1682 2748 1814 2818 quia
1848 2762 1995 2818 ergo
2030 2750 2314 2804 rationales
2347 2763 2535 2802 sumus
2571 2744 2786 2812 conditi,

158 2848 309 2903 spem
352 2837 751 2888 resurrectionis
783 2837 978 2889 noseroe
1016 2848 1091 2888 ex
1125 2837 1239 2904 ipsa
1274 2835 1514 2888 debemus
1549 2849 1730 2889 rerum
1763 2838 1930 2904 specie
1963 2838 2016 2889 et
2045 2837 2471 2905 contemplatione
2515 2833 2782 2900 colliqes-⁶,

163 2917 266 2974 sed
301 2919 432 2990 quia
466 2919 524 2973 in
561 2920 726 2975 nobis
763 2936 959 2975 sensus
995 2920 1214 2990 torpuit
1248 2921 1505 2988 rationis,
1546 2926 1758 2975 accessit
1791 2924 1846 2976 in
1882 2924 2176 2992 exemphcm
2207 2924 2380 2990 qratia
2405 2920 2782 2987 redemptor-⁸⁸3

165 3005 324 3059 venit
358 3021 595 3075 namque
629 3007 866 3061 conditor
902 3011 1099 3061 noster
1122 3047 1135 3074 ,
1170 3011 1391 3077 antecepit
1420 3012 1669 3076 mortem,
1708 3008 1925 3063 ostendit
1955 3011 2412 3075 resurr-comneni,
2448 3010 2513 3059 ut
2546 3002 2642 3073 qui
2675 3014 2782 3055 re-

160 3095 503 3149 surrectionis
547 3108 692 3164 spem
741 3110 810 3147 ex
856 3097 1062 3148 ratione
1099 3099 1294 3149 tenere
1328 3093 1638 3164 noluimus,
1701 3095 1844 3150 hanc
1879 3112 1949 3149 ex
1981 3094 2107 3165 ejus
2141 3094 2403 3158 adimario
2438 3094 2498 3144 et
2531 3087 2782 3156 exemplo

168 3183 503 3234 teneremus.
573 3180 633 3235 In
670 3180 961 3235 iihnlicher
986 3179 1188 3234 Weise
1225 3181 1448 3236 iussert
1483 3198 1547 3235 er
1582 3182 1706 3236 sich
1741 3182 1799 3237 in
1834 3182 2024 3237 seinen
2054 3178 2330 3234 Homilien
2361 3192 2487 3233 zum
2510 3171 2782 3232 Ezechiel

167 3266 297 3337 (lib.
333 3270 385 3336 2,
420 3269 472 3337 8,
509 3271 593 3338 7).
664 3267 846 3322 Valde
882 3267 1119 3340 lugubre
1158 3271 1274 3338 est,
1329 3268 1478 3337 quod
1513 3269 1784 3337 quosdam
1820 3269 1879 3322 in
1913 3264 2156 3322 ecclesia
2191 3269 2347 3320 stare
2382 3268 2441 3320 et
2475 3263 2544 3318 de
2582 3261 2778 3316 carnis

162 3351 582 3410 resurrectione
619 3353 877 3410 dubitare
920 3354 1331 3425 cognoscimus.
1370 3385 1433 3395 -
1497 3353 1696 3409 mirari
1730 3355 1944 3422 solent,
1973 3351 2225 3424 qualiter
2259 3366 2397 3408 caro
2431 3349 2786 3407 reviviscere

164 3441 351 3511 possit
400 3457 471 3496 ex
522 3441 774 3514 pulvere.
846 3440 1120 3496 mirentur
1170 3441 1347 3512 igitur
1395 3441 1749 3496 altitudinem
1799 3440 1955 3510 coeli,
2018 3439 2226 3494 molem
2269 3444 2474 3506 terrae,
2534 3437 2790 3507 abyssos

162 3543 463 3597 aquarum,
522 3529 741 3598 omnia,
778 3544 903 3598 quae
940 3528 998 3583 in
1034 3529 1239 3584 mundo
1273 3533 1431 3598 sunt,
1468 3529 1627 3599 ipsos
1665 3544 1887 3599 quoque
1922 3527 2162 3599 angelos
2201 3530 2427 3581 creatos
2464 3540 2534 3579 ex
2567 3524 2786 3581 nihilo:

165 3613 346 3668 minus
383 3620 472 3669 est
507 3615 705 3684 valde,
754 3613 965 3684 aliquid
1003 3631 1073 3670 ex
1109 3616 1301 3687 aliquo
1339 3612 1563 3685 facere,
1626 3632 1789 3685 quam
1826 3616 2012 3671 omnia
2047 3633 2116 3671 ex
2150 3614 2329 3670 nihilo
2364 3612 2586 3669 fecisse.
2655 3614 2786 3684 Ipsa

162 3701 313 3756 nobis
346 3705 611 3772 elementa,
649 3706 774 3773 ἐμω
809 3717 992 3758 rerum
1031 3707 1226 3773 species
1259 3706 1662 3758 resurrectionis
1695 3706 1971 3774 moyimm
2000 3705 2303 3775 praedicant.
2351 3701 2443 3757 sol
2469 3701 2614 3756 enim
2640 3715 2787 3769 quo-

166 3789 304 3845 tidie
342 3791 555 3846 nostris
594 3791 773 3847 oculis
810 3795 1064 3864 moritur,
1102 3793 1354 3863 quotidie
1389 3797 1643 3863 remmia
1697 3792 1886 3850 stellae
1917 3790 2208 3848 matutinis
2243 3788 2400 3844 horis
2435 3787 2601 3842 nobis
2637 3788 2790 3841 occi-

165 3879 317 3950 dunt,
374 3879 600 3950 vesperi
649 3885 957 3951 resurqum;
1019 3880 1253 3936 arbusta
1311 3880 1525 3935 aestivis
1574 3879 1923 3956 temporibus
1973 3879 2144 3950 plena
2189 3875 2375 3942 foliis,
2427 3870 2662 3928 floribus
2710 3885 2788 3928 ae

164 3964 443 4022 fructibus
492 3968 781 4038 videmus,
846 3985 970 4039 quae
1021 3969 1249 4024 hiemali
1296 3976 1553 4038 tempore
1604 3968 1752 4022 nuda
1788 3965 1971 4034 foliis,
2032 3962 2270 4018 floribus
2305 3975 2373 4015 ac
2409 3955 2685 4014 fructibus
2720 3960 2786 4013 et

166 4053 329 4121 quasi
364 4053 524 4109 arida
560 4059 865 4123 remanent,
902 4055 1004 4109 sed
1038 4054 1260 4110 vernali
1296 4054 1422 4109 sole
1458 4055 1747 4121 redeunte,
1785 4069 1909 4108 cum
1942 4067 1979 4106 a
2013 4048 2202 4104 radice
2230 4047 2431 4101 humor
2457 4043 2790 4112 surrexerit,

162 4156 272 4193 suo
307 4139 514 4194 iterum
549 4140 758 4196 decore
796 4141 1126 4197 vestiuntur.
1184 4142 1293 4197 Cur
1328 4156 1456 4211 erqo
1492 4143 1558 4196 de
1593 4140 1877 4196 hominibus
1912 4137 2182 4208 diffiditur,
2219 4134 2356 4206 quod
2384 4131 2504 4201 fieri
2536 4147 2595 4186 m
2630 4132 2786 4199 limi-⁸

162 4228 410 4282 videtur?

532 4430 707 4504 285.
759 4431 1033 4502 Versus
1086 4431 1553 4503 confessionis
1606 4429 1695 4500 de
1746 4426 1940 4499 luctu
1991 4426 2433 4524 poenitentiae.

738 4578 855 4647 Ad
898 4582 1047 4647 coeli
1090 4583 1271 4648 clara
1313 4599 1445 4647 non
1489 4599 1632 4646 sum
1677 4579 1913 4664 dignus
1958 4576 2180 4642 sidera

737 4687 963 4751 levare
1005 4703 1186 4752 meos
1229 4686 1526 4753 infelices
1571 4684 1827 4767 oculos,
2233 4778 2375 4851 25*
