3159 5259
104 470 270 540 quia
313 482 428 537 pax
463 471 577 537 est;
612 466 744 521 bibe
777 464 1081 535 Christum,
1116 466 1248 537 quia
1282 461 1512 521 flumina
1546 466 1619 521 de
1652 469 1851 521 ventre
1881 466 2007 538 ejus
2032 464 2208 522 fluent
2232 483 2394 539 aquoe
2420 470 2585 539 vitae3
2621 470 2758 527 bibe

113 555 464 622 Christum,
512 559 576 609 ut
610 553 774 608 bibas
810 554 1165 626 sanguinem,
1201 568 1314 623 quo
1350 555 1634 609 redemtus
1670 570 1763 623 es3
1823 552 1954 607 bibe
1993 553 2302 625 Christum,
2341 559 2404 609 ut
2441 556 2599 610 bibas
2635 573 2757 614 ser·

110 658 346 699 mones
384 658 527 713 eJus.

324 727 392 782 V.
429 729 514 783 89.
565 728 624 781 in
660 743 802 798 pace
838 727 1094 797 imperat.
1148 725 1346 780 Dieser
1380 722 1620 781 Frieden
1655 725 1855 782 Gottes
1908 725 2059 780 wird
2114 723 2202 781 ost
2255 728 2311 780 in
2366 726 2474 781 den
2524 727 2765 786 Liedern

116 815 431 885 erwiihnt,
466 814 610 869 nach
643 813 772 869 Joh.
813 816 896 882 14,
933 815 1022 866 27.
1091 813 1361 882 Anyti-sttui
1395 828 1559 867 serm.
1596 815 1682 880 4⁷,
1717 815 1802 866 21.
1841 817 1974 883 sagt
2009 810 2278 867 dariiber:
2316 814 2426 867 hoc
2463 819 2554 868 est
2587 820 2768 871 testa-

114 909 395 960 mentum
430 902 612 974 pacis:
671 900 939 973 quaelibet
974 898 1264 953 hereditas
1301 897 1584 953 dividatur
1619 898 1767 954 inter
1804 904 2129 968 consortes,
2166 899 2322 970 pacis
2359 901 2646 956 hereditas
2684 900 2767 956 di-

118 992 264 1048 vidi
306 1008 420 1047 non
456 995 662 1061 potest.
716 1005 828 1059 pax
863 990 1065 1043 nostra
1100 986 1357 1043 Christus
1393 990 1497 1041 est.
1560 1002 1674 1056 pax
1709 984 1850 1040 facit
1884 991 2121 1056 utraque
2158 1001 2352 1057 unum,
2393 1002 2506 1043 non
2541 988 2653 1043 duo
2692 988 2766 1044 de

120 1096 277 1136 uno.
352 1078 514 1133 Nach
547 1078 748 1149 Ephes.
784 1080 838 1146 2,
877 1078 957 1129 14.
1028 1073 1160 1147 Vgl.
1195 1075 1307 1130 No.
1337 1077 1462 1144 252,
1500 1076 1548 1128 1.

328 1165 392 1219 V.
432 1166 514 1220 96.
567 1161 845 1236 pacificat.
897 1162 1208 1234 Mediator,
1243 1164 1356 1221 hoc
1392 1168 1479 1219 est
1514 1162 1930 1219 reconciliator.
2001 1164 2267 1233 Anqusnn.
2302 1162 2568 1218 enchirid.
2606 1163 2690 1218 1⁰.

1021 1498 1196 1572 259.
1274 1496 1624 1572 Salutatio
1678 1499 1883 1572 «lesu.

126 1729 333 1811 Ave,
380 1746 570 1812 quem
614 1727 948 1812 desidero,
1508 1737 1712 1795 totum
1758 1747 1904 1793 esse
1933 1729 2280 1821 xfrivolum,

231 1851 429 1915 quem
475 1831 666 1895 avide
703 1833 994 1917 requiro,
1598 1831 1772 1916 qnod
1816 1832 2049 1915 suasit,
2096 1834 2448 1899 ostendisti.

131 1955 341 2021 quem
385 1936 673 2020 profudit
716 1944 903 2002 utero
1832 1996 1847 2011 .
2215 1995 2231 2011 .

230 2039 449 2104 Maria
492 2055 673 2102 more
715 2038 898 2103 miro·
1505 1992 1695 2079 Ave,
1742 2016 1850 2078 qm
1893 2015 2015 2079 per
2061 1996 2373 2080 plurimos

1594 2097 1856 2161 labores
1902 2097 2287 2181 transivisti,
2675 2098 2758 2161 30

127 2200 335 2284 Ave,
381 2219 505 2287 pro
549 2221 653 2265 me
696 2200 930 2266 vilibus
1034 2224 1049 2236 ·
1359 2198 1400 2261 5
1504 2201 1742 2266 vivens.
1780 2201 1947 2266 inter
1989 2201 2221 2285 impios

219 2304 368 2388 jam
415 2303 645 2386 pannis
687 2302 1046 2381 involutus,
1591 2313 1664 2370 ut
1706 2323 1945 2387 agnum
1988 2311 2054 2368 te
2100 2302 2380 2387 gessisti.

127 2405 450 2477 membris
494 2404 890 2470 infantilibus

226 2526 308 2573 es
351 2513 624 2592 propter
666 2526 769 2572 me
815 2505 1092 2572 indutus.
1501 2463 1657 2533 Ave
1702 2462 1960 2530 Christe
2005 2464 2277 2548 ⁰Ptim02

1592 2589 1717 2633 ave
1763 2586 1803 2633 o
1848 2567 2057 2635 Jhesu
2099 2569 2308 2651 bone,

127 2667 330 2748 Ave,
380 2685 568 2748 quem
614 2667 938 2731 exercitus
1503 2691 1766 2738 reorum
1808 2672 2139 2739 mitissime
2672 2671 2758 2735 35

230 2768 467 2836 adorat
511 2770 919 2852 angelorum,
1312 2767 1395 2830 10
1595 2783 1935 2858 susceptor
1979 2783 2046 2839 et
2089 2782 2383 2858 patrone.

134 2876 213 2939 in
260 2874 546 2958 praesepi
592 2873 843 2956 positus

231 2996 358 3063 pro
401 2978 577 3041 foeno
613 2976 1064 3060 jumentorum.
1505 2932 1698 3019 Ave,
1742 2935 1853 3018 (11ιί
1895 2937 2296 3001 Goenantibus

1595 3047 1808 3104 tecum
1852 3049 1918 3103 te
1963 3039 2272 3119 tribuisti,

137 3138 332 3221 Ave,
380 3139 482 3204 cui
525 3158 794 3203 munera
1506 3140 1697 3208 dulce
1742 3143 1930 3207 nobis
1973 3141 2265 3206 omnibus

235 3250 372 3306 tres
414 3260 611 3324 reges
654 3241 871 3305 ferunt
913 3238 1071 3320 tria,
1595 3246 1724 3311 hoc
1767 3246 2005 3330 pignus
2051 3243 2439 3310 commisisti.
2671 3244 2757 3307 40

137 3366 375 3430 regem
419 3364 616 3430 super
661 3345 879 3409 sidera
1318 3343 1400 3409 15
1731 3409 1745 3423 ,
2012 3408 2026 3423 ,
2059 3408 2073 3422 ,

231 3451 519 3515 fatentur
561 3457 774 3513 mente
820 3448 948 3533 pia.
1508 3407 2273 3579 [Τξῦῃὲωῗζῗξζὲὖᾶδ

2290 3560 2309 3595 7

139 3612 329 3697 Ave,
378 3632 566 3696 quem
609 3632 939 3697 puerpera
1503 3614 1679 3698 quod
1720 3614 2012 3680 habebas
2055 3615 2301 3697 melius,
2521 3689 2542 3698 -

231 3717 298 3782 in
348 3717 588 3799 templo
634 3715 1083 3799 praesentavit,
1588 3717 1718 3783 hoc
1759 3717 1947 3782 nobis
1989 3717 2422 3799 relinquebas

144 3819 413 3887 Simeon
455 3820 520 3883 in
567 3819 839 3885 dextera
1822 3884 1835 3897 ,
2268 3882 2282 3895 ,

237 3924 641 4006 complexum
688 3924 1091 4007 praedicavit.
1310 3922 1398 3987 20
1497 3880 1941 4001 Ab⁸⁰⁰¹¹fht⁰q
1987 3885 2072 3948 ab
2116 3881 2321 3999 opum
2669 3881 2758 3945 45

1587 3994 1825 4051 nostris
1876 3986 1986 4051 hic
2028 4004 2100 4048 es
2145 3983 2348 4065 idem,

142 4081 330 4165 Ave,
379 4086 486 4165 qui
531 4087 649 4150 sub
686 4086 978 4152 manibus
1502 4090 1612 4173 qui
1657 4089 1781 4154 tuis
1827 4097 1892 4152 te
1939 4087 2271 4170 discipulis

235 4190 617 4253 sanctissimi
661 4189 963 4272 baptistae
1587 4189 1909 4255 tradidisti
1953 4186 2258 4272 pridem]

146 4297 215 4356 et
255 4308 379 4376 pro
424 4293 876 4377 peccatoribus
1812 4354 1827 4369 ,
2090 4353 2104 4368 ,

235 4399 301 4458 te
348 4393 721 4476 subdidisti,
768 4392 1042 4459 Christe.
1500 4353 1676 4437 ‘Ave’
1722 4374 1831 4437 qm
1875 4372 2301 4435 sangumem

1589 4459 1893 4524 sudorem
1937 4456 2221 4522 effudisti
2667 4457 2752 4521 50

145 4549 328 4637 Ave,
376 4555 484 4639 qni
529 4554 853 4621 diabolum
1135 4648 1143 4656 .
1310 4560 1395 4624 25
1502 4581 1741 4647 corpus
1784 4583 1907 4647 per
1949 4561 2339 4645 virgineum,

178 4713 189 4725 .
232 4666 651 4746 temptantem
696 4659 1075 4747 confudisti,
1590 4663 1738 4729 dum
1781 4671 2054 4730 mortem
2098 4663 2438 4747 expavisti.
