3159 5259
2676 270 2823 347 37⁴1

189 456 284 524 Ut
327 458 566 541 quique
610 458 1047 522 sacratissimo
1556 478 1681 541 per
1726 456 1902 540 quod
1946 456 2175 522 averni
2215 458 2474 540 ignibus

192 561 305 646 huj
313 581 389 627 us
433 560 563 626 diei
607 569 900 645 tempore
1555 562 1685 645 ipsi
1728 579 2084 626 crememur
2128 558 2361 625 aerius.

189 664 373 728 horis
420 664 651 746 quietis
702 665 1054 748 psallimus,
1367 662 1446 723 15

193 766 381 831 donis
425 768 633 832 beatis
677 775 986 835 muneret.
1219 810 1228 817 -
1560 749 1659 815 Ob
1687 749 2254 835 h⁰0210d⁰mpt0r2
2285 767 2670 835 quaefflmfflfl'
2730 751 2817 813 25

1558 859 1631 918 ut
1672 855 1917 937 probra
1959 860 2186 916 nostra
2233 852 2475 937 diluam,

187 952 343 1021 Jam
387 971 592 1034 nuno,
635 960 915 1036 paterna
959 952 1257 1034 claritas,
1559 958 1712 1020 vitae
1756 955 2063 1039 perennis
2110 955 2447 1020 commoda

193 1061 263 1119 te
305 1055 706 1138 postulamus
751 1053 1022 1136 affatim,
1559 1058 1748 1122 nobis
1794 1057 2077 1140 benigne
2121 1056 2424 1121 conferas
2443 1104 2460 1137 ‚

195 1156 370 1235 absit
409 1156 612 1224 libido
656 1156 1027 1240 sordidans,

193 1260 532 1341 omnisque
578 1266 761 1322 aetus
807 1258 1057 1321 noxius.
1366 1257 1451 1319 20
1562 1243 1704 1321 9¹¹⁰
1750 1245 1964 1309 omis
2010 1244 2195 1310 &0⁶08
2240 1245 2468 1310 exules

1561 1344 1781 1408 effecti
1822 1343 1949 1427 ipsi
1992 1345 2292 1427 coelibes,
2727 1347 2817 1414 30

195 1447 260 1511 N
262 1466 339 1512 eo
382 1447 558 1512 foeda
603 1449 686 1512 sit
730 1449 840 1511 vel
883 1448 1133 1513 lubrica
1562 1454 1634 1511 ut
1676 1445 2129 1531 praestolamur
2173 1450 2425 1531 cernui,

193 1568 524 1635 compago
570 1552 778 1616 nostri
817 1551 1146 1635 eorporis,
1561 1550 1767 1614 melos
1812 1568 2119 1615 canamus
2161 1551 2411 1633 gloriae.

375 1770 471 1825 Hs.
507 1787 578 1824 zu
613 1770 904 1842 Stuttgart
939 1770 1103 1824 Brev.
1142 1771 1258 1824 101.
1296 1765 1334 1824 f.
1373 1769 1458 1823 61.
1497 1770 1641 1837 (Α),
1695 1769 1796 1823 mit
1834 1770 1938 1824 der
1973 1770 2320 1841 Doxologie:
2371 1770 2609 1841 Praesta,
2646 1774 2815 1841 pater

201 1854 484 1925 piissime,
538 1855 650 1909 wie
700 1855 916 1924 BCDE3
989 1855 1083 1909 bei
1134 1855 1334 1910 Tomasi
1380 1869 1432 1924 p.
1469 1854 1576 1907 406
1626 1853 1738 1923 (Β)
1794 1854 1905 1909 und
1939 1855 2255 1926 Stephenson
2289 1872 2342 1927 p.
2376 1858 2413 1910 4
2467 1858 2590 1927 (G).
2659 1856 2825 1913 Bebet

207 1940 249 1997 f.
284 1945 358 1997 27
394 1944 506 2012 (1))
525 1984 540 2012 ,
578 1959 771 2015 expos.
806 1945 1064 2015 hymnor.
1100 1939 1139 1997 f.
1179 1945 1208 1995 1
1247 1941 1370 2012 (E).
1440 1941 1556 1995 Das
1591 1939 1728 1996 Lied
1760 1941 1839 1997 ist
1872 1957 1989 1997 von
2024 1942 2247 2015 Gregor
2282 1943 2333 1998 d.
2371 1944 2462 2000 Gr.

385 2104 414 2154 1
471 2101 572 2155 hat
624 2098 790 2154 keine
835 2098 1052 2156 Elision
1072 2141 1086 2169 ‚
1143 2116 1267 2155 was
1314 2099 1372 2154 in
1410 2099 1516 2153 den
1552 2100 1806 2169 Hymnen
1843 2098 2097 2172 Gregors
2132 2103 2444 2158 manohmal
2479 2102 2822 2159 vorkommt.

193 2191 240 2243 4
274 2188 396 2243 vita
430 2187 554 2256 DE,
590 2186 797 2243 liberet
829 2187 988 2244 Eoo.
1063 2190 1133 2242 10
1168 2187 1453 2243 dexteram
1487 2186 1547 2241 E.
1621 2189 1689 2242 13
1728 2192 1787 2242 et
1820 2184 1859 2242 f.
1898 2193 1960 2244 ut
1992 2188 2103 2244 DE.
2172 2191 2245 2244 20
2280 2190 2461 2245 omnis
2496 2190 2571 2259 E,
2618 2189 2821 2243 besson

199 2275 304 2331 ist:
344 2279 404 2329 et
437 2274 632 2330 omnis.
729 2277 796 2328 21
835 2290 904 2328 ne
943 2274 1100 2329 BDE.
1195 2276 1267 2330 23
1304 2288 1446 2345 quos
1481 2275 1562 2343 Α,
1624 2288 1789 2344 quam
1825 2275 1949 2343 Bc,
2013 2275 2104 2330 die
2146 2275 2327 2331 Stelle
2362 2277 2439 2332 ist
2470 2274 2821 2345 verdorben‚

204 2363 346 2434 quod
377 2377 527 2416 muss
555 2359 872 2434 jedenfulls
908 2364 1122 2431 ssehen,
1157 2361 1296 2415 weil
1331 2360 1454 2415 sich
1490 2360 1591 2415 der
1626 2360 1773 2416 Vers
1811 2357 1920 2415 auf
1944 2377 2136 2433 corpus
2168 2363 2405 2418 bozieht.
2450 2363 2523 2417 26
2539 2363 2736 2418 doluas
2753 2361 2823 2431 0,

202 2451 350 2506 nach
376 2450 616 2504 irisoher
637 2449 748 2504 und
774 2450 1141 2504 biiuerischer
1164 2449 1534 2521 Schreibung.
1607 2450 1678 2504 28
1713 2450 1990 2521 benignus
2025 2450 2139 2506 Ac.
2207 2451 2282 2505 29
2307 2452 2453 2518 actu,
2480 2448 2669 2504 haben
2692 2448 2833 2505 ulla

200 2539 291 2594 80.
308 2540 377 2591 31
399 2538 526 2593 sind
553 2537 868 2592 vei-derben
893 2537 952 2591 in
979 2537 1130 2592 allen
1159 2537 1388 2607 Texten,
1425 2537 1535 2592 mir
1562 2535 1782 2592 soheint
1803 2537 1992 2606 fiamus
2017 2540 2160 2592 statt
2183 2536 2351 2607 effecti
2374 2539 2433 2591 in
2457 2539 2531 2592 30
2558 2537 2649 2591 uie
2674 2535 2829 2591 rieh-

203 2627 323 2697 tige
364 2626 592 2691 Lesart,
629 2623 742 2677 und
777 2625 845 2676 31
884 2626 937 2676 et
963 2625 1320 2692 praestolantes
1354 2638 1577 2692 cernue,
1615 2625 1766 2678 ohne
1803 2622 2069 2693 Komma,
2103 2624 2164 2677 in
2198 2624 2563 2696 Verbindung
2597 2624 2699 2679 mit
2732 2624 2825 2678 82

204 2713 276 2766 31
313 2710 472 2765 Reim
506 2710 617 2764 und
654 2708 793 2764 Sinn
829 2707 1142 2778 vei-langen
1179 2724 1389 2775 cernue,
1427 2723 1552 2763 was
1588 2710 1649 2763 in
1683 2709 1785 2763 der
1823 2709 2041 2781 Lingua
2075 2713 2289 2767 rustica
2323 2713 2469 2766 auch
2503 2716 2689 2768 comm
2720 2710 2829 2782 goz

206 2797 507 2852 sobrieben
541 2794 772 2850 werden
809 2795 971 2849 kann.
1013 2826 1075 2835 —
1115 2794 1513 2865 praestolemur
1547 2795 1609 2851 D.

384 2953 450 3006 V.
488 2953 638 3005 1-4.
695 2950 801 3005 Die
835 2951 1000 3006 Welt
1034 2950 1231 3005 wurde
1265 2967 1356 3007 um
1382 2951 1645 3023 Soantag
1680 2950 1995 3009 ersohaffen
2028 2952 2142 3008 und
2177 2951 2434 3007 Christus
2468 2951 2702 3007 erstand
2725 2963 2823 3011 am

207 3042 501 3111 Sonntag,
564 3039 666 3094 der
703 3042 854 3093 erate
894 3038 1154 3109 Sonntag
1200 3054 1328 3094 war
1375 3038 1503 3095 also
1540 3039 1642 3094 der
1676 3044 1827 3095 erste
1863 3037 2358 3111 Sohiipfungstag,
2420 3038 2523 3092 der
2558 3038 2825 3109 Sonntsg

208 3128 312 3183 der
363 3124 786 3197 Auferstehung
841 3126 944 3181 der
999 3132 1152 3180 erste
1201 3126 1326 3197 Tag
1378 3126 1481 3181 der
1528 3124 2101 3198 Wiedersohtipfung.
2172 3126 2234 3181 ln
2280 3124 2581 3182 derselben
2615 3124 2823 3183 Weis-

210 3214 431 3270 erkliirt
472 3215 594 3270 sich
631 3215 848 3284 (ἕτερον.
885 3214 956 3269 M.
994 3213 1138 3267 hom.
1176 3212 1232 3267 in
1268 3213 1465 3268 Ezeeh.
1499 3217 1551 3282 2,
1587 3216 1639 3284 4,
1676 3217 1726 3268 2.
1776 3213 1895 3269 dies
1932 3213 2256 3281 dominicus,
2293 3211 2387 3283 qui
2420 3214 2626 3269 tertius
2662 3215 2751 3266 est
2784 3225 2827 3266 a

209 3309 395 3359 morte
443 3302 721 3357 dominica
770 3302 865 3371 (d.
900 3302 952 3355 h.
990 3301 1092 3355 der
1129 3301 1473 3372 Ostertag),
1529 3317 1565 3355 a
1613 3303 1908 3357 conditione
1957 3302 2161 3356 dierum
2203 3302 2524 3357 numeratus
2572 3303 2829 3369 octavus.

211 3392 346 3467 quia
398 3392 691 3464 septimum
745 3391 1016 3461 sequitur.
1086 3390 1312 3445 Ebenso
1360 3391 1504 3446 hom.
1553 3391 1611 3445 in
1648 3391 1844 3447 Ezeoh.
1882 3394 1944 3459 2,
1983 3392 2046 3458 8,
2083 3393 2133 3445 2.
2187 3390 2245 3444 in
2294 3404 2447 3444 novo
2483 3390 2826 3443 testamento

157 3540 163 3547 ,
214 3485 452 3537 octavus
491 3478 611 3535 dies
647 3479 704 3533 in
741 3481 1097 3533 sacramento
1127 3481 1229 3545 est,
1267 3477 1316 3531 is
1344 3476 1626 3546 videlicet,
1664 3478 1758 3548 qui
1787 3477 2098 3533 dominicus
2126 3476 2463 3547 appellatur,
2500 3475 2597 3546 qui
2622 3474 2828 3533 tertius

214 3582 253 3625 a
287 3568 572 3637 passione,
611 3566 711 3621 sed
746 3571 984 3622 octavus
1021 3580 1057 3618 a
1081 3566 1370 3620 conditione
1406 3568 1513 3633 est,
1551 3565 1682 3634 quia
1710 3568 1767 3619 et
1795 3565 2085 3634 septimum
2115 3564 2380 3636 sequitur.
2428 3564 2559 3620 Man
2585 3561 2827 3616 beachto

212 3654 407 3725 dabei,
471 3654 602 3709 dass
639 3656 861 3710 conditio
896 3653 988 3709 bei
1025 3644 1247 3726 Gregor
1282 3651 1661 3726 regelmfissig
1697 3650 2057 3727 Sohiipfung,
2120 3652 2233 3707 wie
2270 3652 2507 3708 conditor
2542 3643 2829 3717 Sohopfet

214 3741 406 3797 heisst.
477 3740 536 3797 S.
570 3742 675 3797 No.
703 3743 793 3811 25,
831 3745 877 3795 1.

389 3847 452 3902 V.
493 3848 576 3902 10.
629 3844 777 3903 Deus
825 3862 1021 3905 manus
1070 3846 1280 3902 habere
1330 3846 1690 3915 describitur,
1746 3846 1877 3915 quia
1911 3847 2113 3901 cuncta
2149 3846 2433 3914 operatur.
2503 3837 2721 3908 (ἕτερον.
2751 3833 2827 3890 Μ.

211 3936 413 3991 moral.
450 3938 534 4004 14,
569 3938 654 3990 53.
724 3936 834 3990 Per
867 3952 1087 3990 manum
1121 3939 1382 4005 potestas
1418 3933 1766 4003 exprimitur.
1822 3933 1971 3987 Idem
2002 3934 2068 3987 ib.
2107 3934 2191 3999 11,
2228 3933 2276 3983 ⁷.

391 4038 456 4092 V.
496 4040 581 4094 20.
636 4038 948 4092 electorum
982 4045 1099 4108 est,
1152 4042 1314 4093 aetus
1349 4054 1485 4093 suos
1522 4037 1772 4108 quotidie
1821 4036 1893 4091 ab
1930 4037 2059 4105 ipso
2097 4031 2465 4105 cogitationis
2500 4025 2660 4085 fonto
2710 4025 2827 4080 ‹lis-

215 4131 410 4182 outere
424 4165 439 4193 ‚
515 4129 575 4180 et
621 4122 784 4179 omne
803 4163 820 4191 ,
872 4124 1024 4194 quod
1081 4123 1360 4179 turbidum
1412 4120 1670 4194 profluit,
1736 4122 1809 4177 ab
1862 4121 2071 4177 intimis
2124 4120 2425 4177 exsiccare.
2497 4116 2717 4186 (ἔνεμον.
2748 4111 2829 4177 Μ.
2884 4124 2895 4130 ·

211 4230 357 4271 mor.
391 4216 478 4283 25,
517 4216 599 4268 14.
810 4221 814 4224 ’

394 4325 460 4381 V.
496 4328 581 4381 30.
635 4326 908 4397 coelibes„
933 4329 1035 4384 mit
1071 4329 1266 4400 Bezug
1301 4324 1410 4382 auf
1436 4328 1526 4382 die
1563 4326 1834 4382 ehelosen
1870 4325 2053 4397 Engel
2071 4364 2086 4394 ,
2123 4318 2317 4379 matth
2353 4321 2444 4387 22,
2479 4316 2564 4371 30.
2634 4313 2831 4370 Sohon

219 4413 439 4484 Greqor.
475 4413 607 4468 Naz.
658 4420 803 4469 orat.
837 4417 909 4469 40
955 4431 1008 4486 p.
1043 4418 1162 4470 656.
1215 4414 1474 4470 bemerkt
1523 4416 1631 4470 den
1678 4415 1917 4485 Vorzug
1963 4412 2065 4467 der
2113 4410 2383 4466 ehelosen
2430 4405 2696 4461 Priester.
2766 4400 2831 4455 In

217 4502 642 4557 resurrectione
675 4507 1025 4561 mortuorum
1059 4503 1244 4559 locum
1273 4505 1398 4576 jam
1432 4503 1620 4559 earnis
1655 4501 2012 4573 propagatio⁴
2036 4514 2153 4554 non
2177 4496 2367 4562 hahet,
2402 4492 2500 4548 ubi
2524 4500 2835 4559 l'ssfflrgem

218 4603 369 4736 garg
416 4590 901 4659 perseverantiam
957 4591 1293 4649 aeternitatis
1347 4591 1534 4647 habet.
1607 4589 1826 4659 (ἕτερον.
1873 4588 1946 4645 Μ.
1996 4589 2145 4645 hom.
2196 4585 2257 4641 in
2302 4581 2501 4641 Ezech-
2552 4581 2619 4648 2,
2666 4577 2730 4646 8,
2782 4571 2842 4632 ⁶-

266 4716 283 4732 .
370 4692 422 4733 o.
457 4678 547 4748 33,
585 4677 668 4734 16.

2275 4753 2423 4827 24*
