3159 5259
395 473 523 543 per
564 456 688 522 hos
731 453 1047 536 decerno,

489 559 662 644 quod
707 555 989 626 fiendum
1034 576 1234 624 cerno

400 663 486 728 sit
530 665 611 729 ab
657 670 923 728 aeterno.

402 839 527 922 Qui
569 839 976 908 dominantur

490 946 759 1027 ceteris,
801 945 1117 1010 mirantur

398 1067 535 1129 me,
579 1055 652 1112 nt
697 1063 919 1110 eorum

488 1151 809 1215 dominnm
856 1156 1233 1216 cunctorum
1245 1169 1266 1232 ;

398 1251 552 1317 hinc
596 1271 669 1316 se
704 1253 1046 1318 bassantes

482 1375 713 1439 meque
760 1355 1112 1422 adorantes

396 1468 544 1526 sunt
589 1459 1010 1525 dominantes.

390 1641 503 1708 Me
545 1641 967 1725 principatus,

476 1751 550 1808 ut
593 1743 823 1806 horum
868 1749 971 1804 est
1014 1747 1243 1822 status,

390 1848 751 1931 principem
795 1863 1054 1928 regum,

477 1949 861 2033 principium
905 1967 1122 2013 rerum

390 2048 682 2136 gaudent
725 2051 972 2132 rimari,

474 2152 768 2219 rimando
812 2153 1062 2236 mirari,

392 2273 521 2339 quo
566 2263 717 2324 sunt
758 2263 891 2320 tam
933 2254 1114 2321 clari.

389 2435 642 2502 Cuncta
686 2456 789 2500 me
831 2455 1030 2521 posse

474 2541 809 2623 proprium
854 2537 937 2601 ad
980 2536 1183 2620 velle,

386 2641 508 2704 sed
548 2641 857 2725 pietatem

475 2761 729 2809 omnem
772 2765 813 2809 a
856 2763 959 2808 me
1005 2741 1223 2809 datam

386 2855 536 2912 sunt
576 2853 968 2912 venerantes

472 2950 865 3032 multumque
908 2951 1218 3016 mirantes

385 3073 470 3119 en
512 3059 890 3137 potestates,

380 3231 670 3317 Stupore
717 3233 916 3316 digna

466 3335 781 3401 facientes
827 3335 1017 3417 signa

378 3433 654 3497 virtutes
698 3454 907 3500 sacrae

464 3538 748 3618 probant
788 3538 856 3624 in
904 3556 977 3601 se
1024 3538 1231 3622 clare,

376 3637 552 3721 quod
598 3638 716 3700 sim
759 3638 1067 3702 virtutum

462 3741 758 3808 dominus
804 3750 1179 3809 cunctarum

372 3839 691 3926 datorque
737 3844 982 3911 harum.

368 4021 459 4091 Ut
501 4025 628 4110 ipsi
673 4025 933 4111 volunt,

456 4130 837 4214 archangeli
875 4143 1152 4202 noscunt

366 4233 543 4297 nude
589 4243 879 4318 secreta,
1082 4263 1088 4270 ·

453 4338 725 4402 consilia
766 4360 943 4423 mea,

363 4437 467 4501 his
513 4440 750 4504 mundo
795 4451 999 4507 totum

451 4561 553 4606 me
599 4544 741 4607 fore
785 4545 1213 4630 tremendum,

358 4639 511 4723 plus
557 4643 970 4729 diligendum.

1763 455 2070 545 Abyssus
2113 462 2317 528 multa

1841 565 2091 649 judicia
2132 585 2310 651 mea,

1569 663 1654 725 35
1761 686 1894 736 non
1939 676 2088 735 sunt
2132 669 2389 737 occulta

1847 775 2100 856 angelis
2143 774 2292 841 hoec
2331 775 2531 858 ultra,

1743 872 2099 938 mundanis
2142 873 2465 958 pandant,

1845 985 1919 1043 nt
1959 997 2095 1060 me,
2139 978 2198 1041 si
2239 995 2371 1043 non
2415 986 2665 1061 amant,

1761 1077 1992 1144 saltem
2034 1087 2414 1163 pavescant.

1567 1251 1653 1316 ⁴⁰
1760 1281 1875 1351 Sic
1918 1304 2041 1370 per
2086 1291 2347 1350 creatos

1845 1387 2110 1470 spiritus
2155 1390 2389 1453 beatos

1759 1489 1921 1555 deus
1975 1489 2270 1556 occultus

1844 1591 1933 1656 fio
1976 1591 2385 1674 manifestus,

1755 1695 2028 1760 illucens
2073 1693 2300 1779 primis

1559 1844 1647 1905 45
1841 1798 2104 1863 revelor
2148 1797 2251 1862 his
2295 1795 2469 1882 imis,

1754 1901 2003 1968 cunctis
2048 1900 2417 1968 communis.

1752 2102 1887 2169 Seu
1932 2104 2059 2168 sint
2099 2103 2441 2185 ardentes,

1735 2239 1756 2252 ν
1839 2225 1958 2272 seu
1999 2208 2196 2291 plene
2245 2207 2557 2288 scientes,

1751 2330 1870 2376 seu
1913 2310 2346 2393 dominantes,

1555 2436 1640 2499 50
1835 2415 1946 2479 vel
1990 2415 2145 2497 quid
2186 2415 2587 2496 nuntiantes,

1749 2517 1923 2600 quod
1967 2524 2147 2601 sunt,
2193 2515 2371 2598 quod
2413 2515 2638 2580 valent
2651 2562 2670 2598 ,

1831 2627 2038 2686 totum
2081 2640 2123 2685 a
2163 2639 2267 2684 me
2312 2619 2587 2702 habent,

1747 2741 2005 2808 semper
2045 2743 2239 2807 quem
2282 2723 2524 2787 vident.

1556 2954 1595 3014 5
1600 2954 1639 3016 5
1743 2922 1945 2989 Pleno
1990 2922 2318 3005 cibantur,

1831 3026 1983 3089 dnm
2025 3045 2128 3090 me
2174 3025 2720 3109 contemplantur,

1745 3130 1856 3211 qui
1897 3129 2129 3194 horum
2172 3136 2346 3195 totus

1829 3252 1970 3298 sum
2014 3233 2196 3299 cibus
2242 3242 2311 3297 et
2351 3241 2576 3317 potus3

1744 3334 2035 3416 claritas,
2080 3334 2287 3398 virtus

1825 3436 2058 3503 horum
2103 3446 2204 3502 est
2247 3436 2522 3503 vestitus
2534 3485 2554 3523 ,

1548 3540 1633 3605 60
1737 3540 1896 3603 mire
1941 3539 2200 3624 politus.

1735 3745 1846 3809 Me
1890 3745 2295 3809 incessanter

1820 3849 2161 3914 laudantes
2206 3856 2525 3932 amanter,

1733 3953 1884 4018 hinc
1928 3953 1994 4016 hi
2041 3953 2217 4017 beati

1816 4055 2141 4139 perpetim
2183 4053 2457 4138 firmati,

1541 4141 1623 4205 65
1731 4158 1884 4223 hinc
1927 4158 2200 4240 gloriosi

1817 4277 2079 4344 semper
2121 4260 2453 4345 luminosi,

1727 4363 1968 4429 similes
2011 4364 2183 4429 mihi.

1722 4551 1893 4620 Sunt
1935 4555 2006 4620 hi
2048 4557 2382 4643 viventes,

1532 4656 1615 4720 70
1805 4678 1910 4726 me
1955 4660 2092 4728 vita
2133 4662 2457 4750 fruentes,

2949 881 3037 941 '25

2918 3238 3009 3301 95

2873 3851 3000 3914 100
