3159 5259
2700 263 2841 348 ‘13³8

203 462 244 516 5
285 461 608 531 trophaeum
642 458 766 528 DE,
831 457 922 514 die
959 455 996 513 f.
1034 459 1124 515 dic
1159 459 1220 516 1..
1313 463 1352 514 7
1387 457 1575 518 factor
1610 462 1840 521 cAGm.
1922 461 1957 517 8
1991 477 2185 517 morsu
2218 463 2277 517 in
2311 468 2550 520 mortem
2583 463 2832 538 AGmx,

198 553 392 604 morte
427 563 625 602 morsu
658 545 767 615 ΒΕ,
805 546 962 601 diese
995 547 1199 602 Lesart
1232 548 1309 603 ist
1349 549 1548 604 besser
1581 551 1670 605 als
1699 552 1855 624 ιῖοιιο,
1891 548 2028 604 weil
2062 552 2118 603 in
2144 548 2298 604 nicht
2325 566 2395 604 zu
2421 555 2626 607 corruit
2646 557 2833 624 passa

198 635 322 689 und
358 634 451 688 die
487 633 935 706 Gegenstellung
966 651 1147 691 mor-su
1180 640 1348 690 morte
1382 635 1645 692 scharfer
1677 639 1754 694 ist
1788 639 1876 695 als
1911 653 2091 693 morsu
2125 641 2181 692 in
2215 641 2446 693 mortem.
2480 638 2543 695 In
2580 639 2633 695 K
2668 642 2832 697 steht

199 720 316 779 auf
344 722 472 777 dem
507 721 704 776 Raude
737 725 919 776 morte.
994 723 1063 776 10
1097 720 1410 792 proditoris
1459 723 1643 779 AGffl.
1716 728 1783 779 12
1820 724 2113 779 medellam
2150 724 2279 792 ΒΚ,
2328 724 2685 797 Sohreibung
2719 726 2831 782 der

203 814 388 882 linqua
424 812 634 864 rustica.
734 811 802 862 15
857 824 995 863 caro
1039 808 1282 877 AEHGI,
1344 807 1565 866 fructus
1614 810 1689 879 G,
1751 812 2033 884 virginale
2082 810 2143 865 D.
2205 811 2411 866 Mit15
2446 812 2578 866 hort
2611 812 2657 870 Ε
2705 809 2829 867 auf.

202 900 280 952 16
315 898 540 968 positus
578 896 742 953 GCDI
758 937 773 964 ‚
812 896 1068 951 conditus
1095 898 1296 952 ABIlK
1317 939 1331 967 ,
1367 898 1487 953 dies
1524 898 1749 953 erlauht
1783 915 1942 954 zwar
1978 899 2080 953 das
2114 898 2440 969 Versmass,
2493 900 2632 955 aber
2666 899 2827 955 nicht

205 986 311 1040 der
348 984 506 1041 Sinn.
579 985 647 1039 18
679 984 888 1055 soingit
923 983 984 1053 G,
1020 984 1206 1056 pingit
1238 985 1299 1054 L,
1334 987 1536 1057 pangit
1570 987 1633 1055 C,
1671 985 1905 1057 stringit
1937 986 1974 1040 I.
2043 987 2116 1040 20
2153 987 2227 1042 ob
2263 986 2372 1041 hoc
2406 987 2484 1056 A,
2521 988 2665 1042 auch
2699 992 2831 1058 gut,

203 1072 270 1127 in
306 1073 353 1127 B
392 1074 546 1127 steht
585 1072 661 1127 ad
695 1072 804 1126 hoe
839 1071 950 1126 und
986 1071 1230 1128 dariiber
1269 1073 1343 1129 oh
1382 1074 1449 1141 h.‚
1487 1079 1680 1129 natum
1715 1073 1775 1129 G.
1857 1076 1924 1128 21
1967 1089 2133 1128 cruce
2169 1075 2213 1129 Β
2236 1115 2250 1144 ,
2316 1073 2591 1146 corrigirt
2625 1074 2827 1128 crucis.

206 1174 384 1214 eruce
422 1158 606 1226 Gnm,
644 1157 892 1228 stipitem
929 1159 1031 1215 CL.
1102 1164 1173 1215 22
1211 1167 1374 1217 aceto
1410 1162 1473 1230 Β,
1511 1167 1678 1233 sputo
1712 1162 1774 1231 L,
1810 1161 1989 1217 clavis
2025 1162 2060 1217 1.
2129 1165 2202 1216 23
2238 1178 2274 1216 a
2307 1159 2485 1218 milite
2522 1177 2730 1232 corpus
2757 1162 2825 1231 Β,

205 1245 371 1302 mitte
407 1244 523 1316 GK,
560 1246 710 1301 unda
744 1247 928 1303 haben
962 1249 1093 1305 alle.
1163 1250 1267 1306 mit
1298 1253 1370 1305 25
1405 1247 1576 1322 fangt
1599 1250 1642 1306 F
1685 1267 1774 1306 au.
1843 1252 2057 1305 25-27
2092 1249 2281 1304 lassen
2302 1248 2373 1305 (31
2407 1265 2521 1304 aus.
2568 1252 2642 1303 27
2668 1246 2825 1304 dulci

205 1335 380 1390 clavo
415 1335 482 1403 Η,
521 1334 739 1389 dulcem
774 1335 995 1391 clavum
1018 1339 1087 1406 A,
1125 1337 1287 1392 dulce
1323 1337 1543 1392 clavum
1563 1337 1626 1405 Β,
1663 1338 1902 1393 sustinet
1937 1335 2122 1391 haben
2156 1352 2262 1390 nur
2297 1334 2425 1390 Gn..
2479 1336 2550 1390 28
2580 1335 2753 1392 densa
2778 1335 2827 1406 1,

203 1421 474 1490 dal-iiber,
509 1420 606 1475 vel
626 1426 801 1476 tensa.
871 1424 939 1477 31
977 1424 1216 1493 pretium
1253 1423 1447 1478 saeculi
1484 1423 1864 1480 HABGGDIK.
1935 1424 2029 1479 Ich
2064 1420 2248 1493 folgte
2286 1420 2386 1474 der
2414 1420 2827 1478 cistercienser

204 1508 305 1565 Hs.
340 1505 400 1563 F.
470 1509 543 1561 33
579 1524 743 1578 quam
777 1509 817 1577 1,
854 1510 1179 1581 gewonlich
1212 1527 1391 1582 quem.
1426 1511 1560 1582 agni
1596 1509 1755 1567 fusus
1793 1510 2066 1581 sanguine
2103 1508 2164 1563 D.
2235 1509 2447 1562 34-45
2484 1507 2585 1562 hat
2619 1523 2726 1562 nur
2752 1509 2825 1577 Β,

206 1596 296 1651 sie
345 1594 474 1650 sind
525 1594 849 1650 undeutlioh
895 1596 1068 1651 durch
1115 1598 1238 1652 ihre
1275 1597 1672 1655 construction
1710 1598 1822 1654 und
1856 1597 1977 1652 ihre
2014 1594 2506 1665 Bauernsprache‚
2569 1592 2714 1648 denn
2748 1596 2827 1648 35

207 1684 290 1739 ist
324 1684 544 1739 ruinam
579 1699 648 1736 zu
685 1682 857 1736 lesen.
927 1685 999 1738 34
1033 1682 1337 1756 patefactae
1373 1682 1554 1739 inferi.
1608 1687 1680 1739 40
1715 1701 1840 1755 quae
1876 1682 2125 1738 salvavit
2160 1682 2563 1736 damnatorum.
2610 1682 2681 1735 42
2716 1696 2829 1752 ge-

201 1774 368 1826 stans
406 1770 524 1824 das.
594 1772 664 1824 45
713 1775 948 1841 pontus»,
1003 1772 1184 1842 polus.
1255 1772 1420 1827 Diese
1458 1773 1699 1827 Zusiitze
1735 1772 1945 1827 sollten
1981 1771 2082 1826 das
2118 1771 2304 1826 Leben
2343 1770 2557 1827 Christi
2593 1770 2680 1824 bis
2716 1783 2829 1825 zur

205 1856 636 1928 Auferstehung
670 1857 973 1926 euthalten‚
1010 1858 1132 1915 ihre
1167 1856 1642 1918 Unbeholfenheit
1676 1858 1802 1931 gibt
1837 1860 1998 1914 einen
2026 1859 2208 1929 Beleg
2243 1855 2338 1912 fiir
2375 1857 2465 1912 die
2493 1858 2822 1929 gesunkene

206 1946 459 2018 Bildung
506 1946 606 2001 des
653 1948 688 1999 7
721 1945 1147 2002 Jahrhunderts.
1215 1947 1452 2002 46—48
1487 1948 1671 2003 haben
1705 1947 1913 2006 ABHF.
1983 1947 2044 2002 In
2079 1944 2240 2001 DGu.
2287 1944 2470 2001 lautet
2503 1945 2596 2001 die
2632 1946 2831 2002 Doxo-

205 2033 370 2106 logie
410 2032 568 2088 also:

426 2121 624 2178 Gloria
659 2128 872 2178 aeterno
907 2122 1059 2193 patri
1094 2138 1199 2193 pro
1238 2124 1421 2178 salute
1456 2122 1648 2194 posita
1683 2123 1934 2196 (positus
1973 2123 2034 2192 G,
2070 2123 2259 2194 posito
2296 2122 2392 2192 L),

424 2209 618 2282 gloria
651 2209 817 2265 unico
854 2210 998 2282 ejus,
1037 2210 1132 2281 qui
1168 2211 1386 2265 creavit
1422 2211 1637 2281 omnia,

424 2297 758 2369 spirituique
794 2303 992 2353 sancto
1029 2297 1086 2352 in
1122 2299 1464 2369 sempiterna
1498 2303 1635 2369 (per
1671 2301 1886 2354 aeterna
1918 2298 1974 2368 1)
2010 2296 2221 2353 saecula
2256 2296 2333 2364 (L
2369 2310 2506 2350 crux
2539 2291 2678 2364 fid).

205 2388 421 2443 Besser
467 2385 524 2439 in
575 2384 649 2454 E,
713 2401 819 2440 nur
872 2384 948 2440 ist
996 2385 1283 2440 nobiscum
1329 2401 1534 2458 magna
1568 2403 1640 2441 zu
1675 2391 1900 2456 semen,
1962 2401 2129 2440 wenn
2163 2400 2291 2439 man
2328 2399 2391 2438 es
2426 2379 2534 2438 auf
2559 2380 2825 2437 machina

155 2482 161 2486 ’
208 2476 466 2532 bezieht:

425 2562 677 2619 Gloriam
712 2563 820 2618 deo
857 2577 1119 2618 canamus
1155 2563 1430 2633 hymnicis
1468 2562 1858 2632 concentibus,
1900 2557 1905 2562 ’

426 2666 592 2721 quam
627 2651 790 2704 simul
822 2651 1028 2721 magna
1066 2650 1356 2706 nobiscum
1392 2656 1516 2707 tota
1551 2651 1737 2705 mundi
1771 2650 2029 2705 machina

420 2753 566 2793 voce
602 2738 854 2793 consona
889 2738 1141 2794 celebret
1176 2739 1233 2794 in
1271 2739 1612 2810 sempiterna
1648 2740 1716 2808 (l.
1753 2743 1997 2809 aeterna)
2036 2738 2261 2794 saecula.

201 2824 310 2881 Die
349 2825 672 2897 Doxologie
713 2825 772 2879 in
809 2826 852 2882 C
891 2826 1204 2896 entsprioht
1239 2826 1378 2882 aber
1414 2842 1504 2880 am
1540 2827 1738 2881 besten
1774 2825 1897 2879 dem
1933 2825 2086 2880 alten
2123 2826 2326 2880 Texte:

426 2911 518 2968 Sit
554 2912 621 2983 (l.
648 2914 794 2983 sint)
829 2913 981 2985 patri
1017 2918 1261 2984 natoque
1300 2931 1510 2974 summo
1548 2912 1752 2985 gratiae
1790 2928 1910 2968 cum
1947 2912 2180 2983 spiritu,

426 3000 767 3072 sempiterna
801 3000 1041 3056 trinitati
1076 3000 1218 3069 laus,
1255 3001 1412 3056 salus
1451 3006 1509 3056 et
1544 3000 1762 3073 gloria,

430 3103 555 3156 quae
595 3088 836 3156 creavit,
875 3104 1001 3158 quae
1038 3087 1300 3156 redemit,
1339 3104 1574 3159 quaeque
1612 3104 1716 3142 nos
1752 3084 2044 3140 illuminat.

209 3174 332 3230 Den
368 3173 599 3250 Anfang
635 3174 731 3229 des
766 3174 834 3230 V.
868 3177 904 3229 4
938 3175 1037 3230 hat
1072 3175 1314 3231 Thomas
1349 3191 1403 3230 v.
1436 3175 1659 3246 Aquino
1694 3174 1753 3229 in
1790 3172 1998 3227 seinem
2032 3166 2615 3239 Abendmalshymnus
2649 3166 2835 3220 nach—

207 3262 467 3335 geahmt:

428 3366 615 3423 pange
653 3350 850 3423 lingua
883 3351 1130 3423 gloriosi
1168 3351 1428 3422 corporis
1463 3350 1808 3421 mysterium.

390 3488 457 3543 V.
495 3492 541 3543 1.
577 3487 779 3558 fidelis,
813 3492 966 3545 steht
1000 3488 1094 3545 fuir
1131 3490 1224 3546 die
1258 3489 1512 3546 Genitive
1544 3489 1668 3559 fidei
1705 3489 1842 3544 oder
1872 3486 2117 3558 fidelium,
2156 3484 2257 3538 das
2295 3483 2481 3539 Kreuz
2517 3483 2616 3538 des
2653 3483 2829 3540 Glau-

207 3575 356 3632 bens
407 3576 547 3632 oder
584 3577 685 3633 der
720 3577 1065 3650 Glfiubigem
1120 3580 1177 3634 in
1224 3578 1497 3634 welchem
1534 3578 1707 3633 Sinne
1756 3576 1898 3632 auch
1946 3576 2088 3630 Leon
2122 3589 2186 3628 m.
2235 3588 2398 3627 serm.
2436 3573 2523 3642 60,
2557 3575 2611 3628 2.
2656 3576 2829 3645 sagt:

208 3678 349 3719 crux
386 3663 597 3719 Christi
634 3663 827 3718 eadem
863 3671 951 3720 est
987 3671 1045 3720 et
1080 3667 1398 3721 credentium
1435 3665 1625 3737 gloria
1661 3670 1719 3719 et
1752 3680 1860 3719 non
1893 3663 2213 3717 credentium
2248 3674 2431 3731 poena.

398 3767 463 3822 V.
500 3769 535 3821 5
573 3767 757 3822 crucis
785 3770 1115 3839 trophaeum‚
1154 3770 1364 3825 ebenso
1399 3769 1493 3824 bei
1520 3768 1884 3838 Greqor.Naz.
1922 3771 2066 3822 orat.
2093 3768 2163 3819 42
2198 3780 2252 3835 p.
2279 3765 2400 3817 691.
2436 3760 2537 3817 τοῦ
2570 3782 2825 3838 σταυρου

209 3855 475 3935 τρόπαιον
512 3853 785 3928 ἀήττητον.
854 3857 911 3913 S.
946 3858 1052 3913 Νο.
1086 3861 1172 3928 31,
1209 3862 1295 3914 22.
1363 3859 1470 3914 No.
1504 3860 1591 3927 30,
1628 3859 1713 3913 26.

388 3963 454 4017 V.
495 3947 590 4018 11.
630 3964 724 4020 τὸν
771 3962 1102 4041 προπάτορα
1149 3960 1326 4037 Ἀδὰμ
1375 3960 1405 4020 ὁ
1446 3961 1736 4035 ἀπατήσας
1786 3963 1841 4018 ἐν
1874 3959 2050 4033 ξύλῳ,
2110 3956 2191 4030 τῷ
2237 3950 2463 4031 σταυρῷ
2500 3950 2835 4017 &clavigerat-

203 4050 370 4122 δορί.
424 4054 506 4106 14.
559 4051 616 4107 S.
651 4053 758 4108 No.
797 4055 913 4107 142.

391 4155 459 4210 V.
498 4157 582 4211 12.
634 4155 779 4229 ξύλῳ
817 4157 928 4212 ἔδει
960 4156 1021 4212 τὸ
1062 4154 1223 4224 ξύλον
1259 4154 1540 4212 ἰάσασθει.
1613 4155 1769 4225 Sept.
1806 4157 1886 4209 14.
1942 4153 1999 4209 S.
2035 4157 2205 4208 unten
2240 4150 2345 4208 No.
2383 4148 2503 4218 106,
2538 4147 2591 4204 9.

393 4259 461 4314 V.
495 4264 583 4316 27.
643 4262 831 4333 dulce,
867 4264 983 4335 vgl.
1019 4264 1122 4319 No.
1164 4264 1282 4334 106,
1317 4265 1368 4319 2.

390 4363 458 4418 V.
494 4366 580 4420 32.
631 4367 788 4422 Mare
826 4369 1220 4426 transeundum
1258 4373 1377 4438 est,
1427 4372 1485 4424 et
1521 4368 1736 4440 lignum
1771 4366 2121 4422 contemnis?
2191 4377 2366 4436 quare
2404 4362 2660 4420 Christus
2698 4374 2833 4416 oru-

210 4450 411 4510 cifixus
460 4455 590 4508 est?
660 4455 794 4526 quia
839 4455 1053 4527 lignum
1086 4457 1420 4513 humilitatis
1457 4458 1582 4530 ejus
1620 4455 1723 4510 tibi
1758 4452 2134 4508 necessarium
2168 4456 2322 4521 erat3
2378 4449 2644 4521 superbia
2679 4447 2831 4532 enim

212 4547 502 4599 tumueras
542 4547 600 4597 et
634 4543 808 4614 longe
848 4544 919 4599 ab
957 4544 1060 4599 illa
1096 4544 1286 4616 patria
1321 4546 1572 4619 rejectus
1610 4559 1768 4610 eras,
1833 4546 1891 4596 et
1922 4537 2183 4595 fluctibus
2219 4541 2387 4613 hujus
2427 4537 2622 4594 saeculi
2657 4536 2841 4612 inter-

210 4633 388 4700 rupta
425 4633 513 4684 est
546 4630 659 4700 via,
698 4636 756 4685 et
790 4647 902 4701 qua
935 4636 1259 4690 transeatur
1294 4633 1367 4690 ad
1400 4632 1645 4708 patriam
1679 4646 1792 4687 non
1827 4633 1942 4699 est,
1980 4627 2089 4683 nisi
2122 4627 2281 4700 ligno
2317 4626 2582 4700 porteris.
2617 4623 2839 4695 Aufflase.

211 4713 274 4774 in
312 4731 515 4792 evang.
551 4718 682 4778 Joh.
714 4720 768 4792 2,
804 4721 857 4776 4.
