3159 5259
164 498 399 578 Quidni
440 517 622 564 mens
664 506 818 565 tuno
859 501 1193 585 praecipuc

157 602 414 667 interna
459 603 689 666 mentis
733 604 957 684 requie

157 706 400 771 cultum
444 705 675 770 adoret
717 725 840 789 per
883 706 1060 789 pium

160 808 352 873 deum
399 817 466 873 et
508 826 691 875 suum
736 807 1109 874 dominum?

158 987 353 1053 Ratio
399 996 466 1051 et
507 989 846 1071 memoria,

159 1090 460 1153 voluntas
497 1107 751 1172 quoque
796 1090 1003 1154 libera

156 1197 394 1255 vacent
438 1199 589 1256 tunc
633 1192 760 1255 deo
804 1192 1062 1276 penitus

157 1294 311 1358 totis
358 1295 587 1359 animae
631 1295 895 1360 viribus.

158 1469 381 1536 Solum
426 1471 495 1535 in
538 1468 662 1535 deo
708 1470 1024 1554 gaudeat,

158 1574 332 1637 11000
377 1572 725 1635 offendisse
771 1572 1026 1655 doleat,

160 1694 344 1759 spem
388 1675 806 1756 timoremque
852 1675 1175 1757 integrum

155 1781 225 1843 in
269 1796 449 1842 suum
493 1784 712 1841 vertat
757 1776 1094 1843 dominum.

158 1956 402 2042 Speret
445 1958 590 2042 ejus
634 1960 1078 2042 praesentiam,
1170 2018 1175 2023 .

157 2063 380 2125 timeat
424 2068 491 2124 et
536 2063 891 2127 absentiam
911 2110 930 2144 ,

156 2164 452 2227 referens
489 2165 577 2229 ad
618 2166 789 2231 hunc
833 2166 1076 2249 omnia,

156 2283 275 2329 seu
319 2264 601 2332 adversa
644 2284 762 2331 seu
803 2284 1146 2351 prospera.

154 2444 396 2510 Penset
436 2447 504 2510 in
549 2464 620 2511 se
666 2448 996 2531 subtilius,

159 2548 312 2629 quid
355 2550 476 2615 sibi
522 2553 667 2633 pius
711 2551 1004 2618 dominus

161 2648 413 2712 dederit
457 2667 574 2714 seu
620 2649 957 2734 dimiserit,

155 2752 311 2834 quid
354 2751 532 2817 dabit
576 2771 655 2817 ac
699 2755 1082 2837 promiserit.

153 2929 350 2995 Dedit
394 2930 517 2993 sibi
559 2930 897 2995 innumera

153 3036 471 3100 bonorum
514 3030 864 3113 beneficia,

157 3135 429 3218 quitavit
471 3135 642 3200 11300
686 3157 727 3200 3
769 3135 972 3219 vitiis,

152 3239 341 3304 bonis
391 3238 619 3303 ditabit
664 3240 943 3303 aeternis,

152 3418 340 3486 Dona
382 3422 685 3485 revolvat
728 3420 947 3487 intime

154 3530 285 3586 tam
330 3533 581 3588 naturae
624 3544 818 3606 quam
861 3525 1126 3609 gratiae,

154 3645 302 3709 quae
344 3629 655 3692 malorum
700 3630 1018 3713 supplicia
1036 3678 1055 3713 ,

152 3750 299 3813 quae
343 3734 655 3797 bonorum
703 3739 770 3796 et
810 3734 1098 3816 praemia.

150 3902 418 3983 Penset‚
462 3911 533 3969 ut
575 3906 721 3970 haec
764 3908 1131 3990 acquireret

152 4015 221 4069 et
256 4015 326 4071 ut
370 4007 481 4071 illa
526 4010 868 4092 evaderet,

153 4109 487 4171 tormentis
533 4126 723 4189 quam
768 4108 1135 4175 crudelibus

151 4227 226 4272 80
272 4210 568 4289 exposuit
614 4209 925 4275 dominus.

150 4369 426 4453 Insuper
470 4390 715 4435 vacans
758 4390 1038 4457 corpore

149 4492 332 4538 mens
378 4482 712 4537 assuescat
752 4476 1132 4561 revolvere,

151 4596 299 4660 quae
345 4578 681 4660 qualisque
727 4579 808 4642 sit
853 4581 1141 4665 requies,

148 4700 279 4763 qua
326 4681 473 4746 coeli
517 4681 812 4747 fruuntur
855 4684 1055 4749 cives.

1326 603 1408 667 10

1325 1190 1405 1254 15

1323 1780 1409 1843 20

1320 2448 1405 2512 25

2631 317 2765 385 815

1511 498 1603 567 Ut
1642 502 1814 566 11300
1856 508 2053 584 queat
2095 502 2360 567 liberius
2669 507 2756 571 45

1513 602 1840 686 speculari
1881 611 2036 668 1000
2077 601 2349 684 animus,

1513 703 1916 767 interdicitur
1962 703 2133 768 actio

1512 804 1771 867 servilis
1816 803 1921 867 die
1965 805 2219 871 festivo.

1513 979 1681 1047 Hinc
1725 1000 1798 1045 se
1843 999 2039 1065 super
2082 1001 2154 1046 se
2200 984 2497 1052 sublevet

1514 1091 1890 1164 attenteque
1927 1084 2324 1168 consideret,
2676 1091 2758 1155 50

1515 1206 1662 1270 quae
1708 1193 2074 1250 sanctorum
2118 1187 2246 1250 81111
2288 1189 2527 1269 gaudia

1512 1291 1580 1353 111
1622 1289 2033 1354 Jherusalem
2078 1308 2334 1373 supera.

1511 1471 1783 1552 Penset,
1830 1477 2133 1552 quantum
2177 1470 2246 1535 hi
2283 1471 2629 1556 gaudeant,

1513 1592 1658 1639 cum
1693 1573 1833 1656 jam
1877 1573 2155 1656 pleniter
2198 1574 2508 1656 habeant,

1514 1677 1823 1760 quidquid
1867 1677 1993 1761 ipsi
2037 1677 2396 1762 voluerint,
2677 1682 2757 1743 55

1515 1787 1802 1863 careant,
1849 1780 2022 1864 quod
2065 1781 2406 1845 noluerint.

1511 1956 1723 2038 111108,
1771 1956 1929 2020 foris
1975 1965 2042 2022 et
2084 1956 2363 2040 undique

1513 2062 1722 2124 sancti
1755 2061 1932 2143 pleni
1977 2070 2125 2125 sunt
2168 2062 2433 2146 gloriae,

1512 2180 1659 2227 cum
1703 2161 1769 2223 in
1814 2159 1919 2224 dei
1961 2164 2316 2243 praesentia

1512 2266 1671 2348 sint,
1719 2265 1828 2346 qui
1873 2267 2164 2330 omnibus
2209 2266 2437 2330 omnia.
2676 2265 2758 2327 60

1510 2449 1615 2517 Illi
1656 2457 1897 2514 vacant
1941 2450 2257 2533 totaliter,

1512 2554 1687 2619 111100
1731 2552 1954 2617 vident
1997 2553 2334 2634 facialiter,

1512 2654 1686 2722 hunc
1731 2664 1946 2720 amant
1990 2654 2455 2738 ardentissime,

1402 2850 1407 2855 ι
1511 2756 1716 2837 11000,
1759 2776 1950 2853 quem
1996 2756 2236 2822 habent
2279 2756 2669 2840 plenissime.

1321 3036 1404 3099 30

1316 3632 1401 3696 35

1313 4211 1402 4276 40

1511 2919 1616 2984 Ex
1659 2919 1850 3002 hujus
1896 2920 2038 2983 sola
2081 2919 2267 2999 facie,
2674 2920 2755 2982 65

1514 3040 1660 3104 quae
1705 3042 1928 3085 verum
1971 3023 2184 3086 lumen
2229 3021 2488 3104 glorias,

1509 3133 1651 3190 tota
1696 3126 1977 3189 coelestis
2024 3126 2202 3190 curia

1508 3229 1820 3314 percipit,
1867 3247 2011 3310 quae
2054 3229 2196 3292 vult
2241 3228 2469 3294 omnia.

1509 3411 1564 3477 Ο
1613 3430 1803 3494 quam
1845 3410 2002 3474 felix
2047 3411 2191 3476 haec
2237 3411 2495 3496 civitas,

1506 3518 1619 3583 ubi
1662 3520 1857 3583 beata
1898 3517 2151 3581 trinitas
2667 3518 2750 3582 ’10

1505 3618 1762 3685 mundis
1804 3618 2058 3683 videtur
2103 3619 2436 3703 cordibus,

1509 3744 1656 3807 quae
1702 3731 1802 3787 est
1846 3723 2075 3806 gloriae
2122 3708 2444 3789 terminus.

1503 3895 1610 3964 Ex
1653 3897 1780 3961 hac
1824 3897 2022 3961 curiae
2068 3897 2362 3975 claritas,

1505 4019 1593 4062 ex
1637 3998 1764 4062 1130
1808 4015 2081 4063 concors
2126 3997 2404 4060 societas

1508 4101 1866 4166 coelestium
1906 4101 2241 4183 spirituum
2668 4096 2750 4159 ¹25

1507 4223 1589 4270 30
1630 4207 1966 4271 beatorum
2002 4206 2318 4267 mentium.

1507 4364 1670 4432 Cum
1715 4366 1885 4429 omni
1927 4366 2070 4430 nisu
2112 4365 2343 4428 virium

1503 4468 1774 4535 laudare
1817 4478 2068 4553 patrem
2114 4468 2415 4534 luminum
2434 4514 2453 4548 ,

1501 4571 1695 4635 unica
1737 4570 1963 4634 harum
2010 4570 2211 4652 actio,

1506 4674 1687 4756 quies
1730 4673 1922 4757 hujus
1965 4673 2200 4771 fruitio.
2661 4672 2746 4738 80
