3159 5259
301 282 480 361 5³10·

303 473 376 547 et
414 470 597 537 nasci
637 484 764 532 non
807 465 1139 548 despexisti

313 576 394 651 de
426 572 640 638 Maria
681 570 946 648 vin-qino,

314 759 442 842 Qui
480 755 760 823 Mariam
804 753 1036 835 elegisti

312 864 583 929 matrem
623 857 761 940 fore
800 858 1018 937 qratioe
1489 849 1568 911 15

313 965 503 1046 atquc
545 975 661 1026 nos
703 975 750 1022 a
792 973 962 1020 coeno
1005 957 1170 1018 tristi

309 1067 536 1148 piasti,
578 1080 693 1127 rea:
733 1059 971 1142 yloriae,

321 1249 565 1318 Praesta
606 1246 815 1326 nebia,
863 1246 1024 1326 quod
1065 1246 1377 1326 optamus,

315 1371 438 1438 per
478 1351 702 1418 Marioe
741 1349 1036 1432 qimam,

1672 461 1741 521 ue
1781 470 2036 518 servare
2077 449 2401 515 valeamus
2840 448 2929 512 20

1674 555 1973 620 caelestem
2015 552 2427 616 concordiam.

1762 713 1962 779 Dona.
2019 728 2220 794 aquus
2263 713 2388 788 dei,

1673 831 1852 896 Fons
1893 827 2272 895 indeficiens
2314 827 2608 911 pietatm,

1672 942 1971 1002 miserere
2013 936 2220 1010 nobis,

1677 1048 1903 1106 auctor
1948 1058 2210 1103 summae
2253 1039 2579 1122 bonitatis,

1676 1149 1974 1209 miserere
2016 1144 2220 1222 nobis,
2841 1143 2931 1204 25

1676 1266 1811 1330 pax
1856 1251 2121 1328 aeterna,
2168 1243 2357 1308 dator
2400 1244 2794 1327 sanctitatis,

1680 1350 1846 1413 dona
1888 1346 2068 1410 nobis
2105 1363 2344 1428 pacem.

503 1507 600 1564 Hs.
636 1523 707 1561 zu
740 1504 1031 1573 Miinchen,
1068 1502 1204 1560 clm.
1242 1503 1397 1557 5539.
1433 1500 1472 1556 f.
1512 1502 1633 1557 104.
1669 1504 1738 1554 14
1771 1499 1965 1555 Jahrh.
2000 1500 2104 1553 mit
2142 1500 2245 1555 der
2278 1499 2537 1555 Melodie.

502 1631 731 1684 10—21
770 1629 897 1684 sind
934 1643 1033 1683 aus
1070 1627 1175 1682 No.
1208 1627 1331 1696 243,
1367 1626 1604 1680 23—34
1639 1624 1906 1691 entlehnt,
1946 1623 2086 1677 oder
2117 1624 2255 1695 jene
2291 1622 2554 1677 Nummer
2589 1639 2692 1677 aus
2728 1621 2932 1679 dieser.

317 1715 398 1772 26
424 1715 591 1773 datar
623 1718 726 1771 hat
759 1716 846 1771 die
883 1716 978 1771 Hs.
2867 1736 2874 1743 ·

502 1836 569 1892 V.
602 1839 783 1895 4-9,
834 1840 987 1910 Agni
1024 1853 1163 1894 caro
1197 1852 1302 1892 nec
1336 1837 1504 1892 cruda
1540 1834 1758 1890 edenda
1792 1840 1896 1903 est,
1934 1849 2037 1888 nec
2073 1835 2213 1904 aqud
2250 1839 2443 1903 cocta3
2479 1833 2608 1904 quia
2645 1833 2935 1888 redemtor

323 1926 525 1978 noster
566 1939 672 1979 nec
709 1940 881 1995 purus
922 1926 1091 1980 homo
1133 1923 1494 1978 aestimandus
1535 1927 1652 1991 est,
1710 1937 1888 1991 neque
1923 1937 2028 1991 per
2064 1922 2360 1976 humanam
2393 1921 2762 1992 sapientiam,
2796 1936 2937 1991 qua·

327 2007 464 2063 liter
497 2009 782 2064 incarnari
829 2010 965 2064 deus
1001 2010 1213 2080 potnit,
1268 2010 1619 2079 cogitandus.
1692 2008 1871 2062 omnis
1912 2008 2053 2061 enim
2070 2049 2084 2077 ,
2141 2008 2237 2077 qui
2272 2008 2641 2063 redemtorem
2678 2013 2932 2063 nostrum

327 2108 530 2164 purum
565 2095 841 2150 hominem
876 2095 1084 2163 credit,
1120 2094 1251 2165 quid
1286 2095 1393 2150 iste
1431 2093 1587 2149 aliud
1620 2110 1784 2164 quam
1819 2094 1954 2165 agni
1991 2110 2191 2150 carnes
2229 2097 2431 2150 crudas
2468 2094 2736 2162 comedit,
2790 2110 2933 2164 quas

329 2181 598 2237 videlicet
632 2196 875 2254 coquere
910 2198 1015 2253 per
1052 2181 1360 2237 divinitatis
1400 2182 1526 2253 ejus
1563 2180 1995 2251 intelligentiam
2030 2182 2256 2237 noluit?
2310 2181 2488 2237 omnis
2524 2197 2684 2250 vero,
2720 2181 2816 2250 qui
2849 2182 2937 2236 in-

329 2268 679 2324 carnationis
714 2270 840 2342 ejus
876 2267 1150 2340 mysteria
1179 2269 1348 2340 juxta
1379 2269 1675 2323 humanam
1710 2269 2045 2338 sapientiam
2084 2268 2364 2324 discutere
2402 2275 2670 2338 conatur,
2731 2284 2934 2323 carnes

331 2355 471 2426 agni
503 2356 653 2426 aqua
686 2356 811 2412 vult
845 2372 1116 2427 coquere,
1177 2354 1238 2411 id
1273 2360 1388 2425 est,
1451 2355 1890 2426 dispensationis
1927 2357 2054 2427 ejus
2095 2357 2424 2427 mysterium
2457 2373 2563 2427 per
2600 2355 2937 2411 dissolutam

329 2442 459 2497 vult
502 2442 793 2498 scientiam
843 2449 1155 2514 penetrare.
1226 2443 1332 2510 Qui
1384 2458 1527 2514 ergo
1580 2443 1866 2513 paschalis
1922 2443 2116 2514 gaudii
2170 2443 2583 2499 solemnitatem
2640 2442 2936 2498 celebrare

331 2527 647 2598 desiderat,
695 2546 888 2600 mum
922 2546 1017 2586 nec
1053 2532 1190 2600 aqud
1223 2535 1433 2600 coquat,
1480 2545 1578 2584 nec
1613 2531 1834 2584 crudum
1868 2531 2134 2599 comedat;
2186 2536 2251 2585 ut
2284 2547 2462 2601 neque
2499 2547 2603 2602 per
2638 2530 2936 2585 humanam

329 2615 665 2685 sapientiam
710 2613 1152 2687 profunditatem
1197 2617 1354 2671 illius
1400 2617 1802 2672 incarnationis
1842 2623 2140 2687 penetrare
2177 2622 2439 2687 appetat,
2501 2631 2681 2686 neque
2715 2615 2774 2673 in
2810 2629 2937 2669 eum

335 2704 617 2771 tamquam
661 2702 720 2756 in
753 2702 1031 2758 hominem
1065 2719 1264 2774 purum
1299 2702 1522 2773 credat;
1592 2705 1686 2759 sed
1716 2720 1861 2759 assas
1894 2709 2001 2775 iqui
2034 2706 2288 2775 comedat,
2345 2709 2403 2760 ui
2435 2705 2728 2774 dispensari
2761 2708 2937 2759 omnia

327 2801 435 2858 per
483 2792 649 2844 sancti
692 2793 902 2860 spirituas
937 2795 1215 2860 potentiam
1260 2795 1399 2847 sciat.
1463 2792 1681 2863 (ἔνεμον.
1717 2793 1787 2847 Μ.
1824 2792 1969 2846 hom.
2003 2794 2060 2846 in
2109 2807 2310 2863 evang.
2344 2796 2397 2861 2,
2431 2794 2519 2860 22,
2556 2792 2605 2845 8.
2676 2790 2937 2847 Christus

333 2875 438 2932 hat
485 2877 748 2932 namlich«
771 2894 895 2933 zum
927 2879 1238 2934 Abendmal
1274 2881 1418 2935 zwei
1451 2879 1638 2937 Stoffe
1675 2880 1959 2952 gewiihlt‚
2023 2879 2113 2934 die
2152 2879 2327 2934 durch
2361 2879 2543 2934 Feuer
2577 2875 2939 2934 verwandelt

332 2962 479 3032 sind,
514 2963 616 3019 das
643 2964 786 3019 Brot
821 2965 995 3020 durch
1031 2966 1137 3021 den
1164 2964 1309 3023 Ofen
1342 2967 1457 3021 und
1491 2967 1594 3023 der
1620 2967 1794 3020 Wein
1832 2967 2006 3022 durch
2043 2967 2134 3021 die
2163 2966 2444 3037 Giihrung‚
2483 2966 2572 3019 die
2606 2965 2735 3020 also
2770 2963 2937 3019 beide

335 3050 462 3105 sich
514 3051 716 3123 eignen
736 3091 752 3120 ‚
815 3051 905 3105 die
954 3052 1176 3124 Trager
1223 3054 1361 3109 oder
1395 3053 1685 3110 Gestalten
1734 3053 1833 3107 der
1879 3054 2153 3108 hochsten
2187 3050 2612 3122 Verwandlung
2659 3067 2731 3104 zu
2778 3065 2936 3120 seyn.

337 3137 499 3193 nean
534 3139 791 3196 Christus
827 3154 954 3195 war
988 3139 1079 3195 ein
1115 3139 1500 3212 Brandopfer,
1537 3140 1945 3201 holocaustum.
2014 3141 2131 3195 Aus
2168 3138 2372 3210 obiger
2406 3137 2586 3195 Stelle
2622 3138 2775 3192 lernt
2807 3153 2938 3193 man

333 3225 625 3299 zugleich‚
685 3239 902 3281 warum
939 3226 1041 3281 das
1077 3228 1272 3298 Agnus
1320 3224 1413 3282 dei
1460 3227 1517 3280 in
1553 3228 1654 3281 der
1690 3226 1872 3281 Messe
1909 3226 2008 3279 der
2043 3227 2407 3282 communion
2441 3226 2792 3295 vorhergeht
2823 3222 2942 3278 und

323 3326 560 3383 ⁸warum
592 3313 652 3367 in
686 3312 794 3368 den
826 3313 981 3371 alten
1015 3314 1333 3384 Liturgien,
1368 3313 1680 3369 besonders
1715 3312 1809 3373 bei
1843 3313 1951 3368 den
1985 3311 2294 3382 Griechen‚
2328 3315 2429 3370 der
2464 3314 2516 3368 h.
2552 3313 2710 3370 Geist
2741 3312 2801 3367 in
2836 3311 2943 3366 der

337 3398 673 3472 Wandlung
706 3399 1021 3473 angerusen
1055 3402 1218 3458 wird.

510 3520 642 3579 Von
674 3521 867 3577 diesen
901 3524 1488 3595 zwischengesiingen
1527 3524 1654 3579 sind
1690 3525 1779 3581 die
1815 3521 2232 3581 Glossenlieder
2267 3524 2662 3592 verschieden‚
2725 3536 2941 3578 πονοι

335 3606 419 3664 im
451 3606 693 3664 zweiten
728 3608 919 3664 Bande
957 3610 1139 3665 dieses
1175 3611 1424 3667 Werkes
1458 3613 1712 3667 mehrere
1752 3613 2032 3684 Beispiele
2068 3609 2282 3683 folgen.

692 3890 866 3964 246.
933 3884 1311 3990 Hymnus¹
1363 3894 1436 3965 in
1483 3893 1596 3965 die
1642 3893 1992 3966 dominico
2038 3892 2129 3964 ad
2174 3902 2576 3966 nocturno&

339 4089 703 4177 surgentes
746 4093 832 4159 ad
876 4102 962 4178 te,
1007 4094 1281 4177 domine,

340 4202 505 4260 atrae
547 4197 756 4261 noctis
800 4197 1091 4281 silentio,

1688 4097 2124 4161 ministrantes
2172 4093 2500 4174 obsequiis

1687 4201 1833 4284 tibi,
1880 4209 2103 4267 sancte
2148 4197 2484 4283 paraclite.

329 4297 591 4381 vigiliis,
636 4301 961 4382 obsequiis

1151 4400 1165 4413 ,
1687 4338 1840 4402 Pari
1884 4356 2026 4402 cum
2072 4344 2261 4421 patre
2308 4335 2523 4400 clarus
2569 4351 2672 4415 es,

328 4406 588 4482 patrum
632 4410 980 4480 sequentes
1025 4397 1347 4483 οιὼιιειιι,

1689 4459 1831 4505 cum
1876 4438 2136 4505 christo
2180 4440 2630 4507 subtilissimus
2644 4483 2662 4519 ‚
2858 4436 2947 4503 1⁰

1542 4539 1580 4600 5
1684 4543 1899 4619 multis
1942 4542 2150 4619 modis
2197 4552 2265 4607 et
2308 4543 2573 4626 spiritus

1686 4654 1753 4709 et
1796 4646 2106 4729 mysticus
2154 4644 2553 4728 agnosceris.
2902 4686 2924 4717 2

327 4533 537 4613 Quem
579 4537 766 4601 nobis
805 4536 1287 4620 dereliquerunt

313 4635 476 4722 jure
519 4637 954 4727 hereditario,
