3159 5259
306 263 445 333 218

808 662 973 734 160.
1040 658 1359 736 Sabbato
1413 674 1575 764 post
1620 658 1881 763 paseha
1936 662 2424 758 (troparium).

312 838 371 903 1.
421 834 700 903 Carmen
741 854 861 901 suo
907 835 1146 902 dilecto
1772 835 1958 901 Hane
2003 834 2196 899 etiam
2234 835 2534 902 hostibus
2840 841 2923 903 15

311 1027 374 1091 2.
416 1022 716 1198 Eleolesia
762 1022 1004 1090 Christi
1047 1035 1298 1109 canat,·
1771 951 2284 1130 ἔζωοᾞὲἰθδςῃε
2332 1053 2612 1130 tyranno
2641 1044 2925 1132 Goliam,

415 1148 457 1196 o
532 1149 723 1213 quam

1774 1183 1976 1263 Quem
2018 1184 2244 1268 lapillo

410 1240 670 1318 patrem
710 1241 1108 1317 matremque
1154 1234 1467 1302 deserens
2082 1288 2098 1302 .
2269 1287 2283 1301 .

1214 1348 1222 1355 .
1770 1295 2134 1373 prosterms
2179 1305 2389 1353 umoo.

412 1388 594 1456 Deus
638 1398 864 1456 nostra
908 1409 982 1456 se
1025 1391 1245 1455 vestiit
1522 1392 1563 1454 5
2207 1453 2221 1468 ‚

415 1499 651 1558 namra
1668 1456 1729 1520 5.
1772 1451 1950 1519 Eece
1994 1454 2113 1518 sub
2158 1460 2290 1518 vite
2836 1456 2925 1520 20

411 1603 480 1662 et
523 1613 931 1681 synagogam
975 1595 1240 1681 respuit.
1771 1576 2056 1725 ffissngl'
2084 1552 2390 1743 ἕξῗδω)

311 1788 373 1856 3.
419 1782 708 1867 Christe,
755 1792 866 1851 tuo
912 1804 1101 1852 sacro
1145 1785 1354 1851 latere
1769 1762 1974 1827 Omnis
2020 1760 2302 1827 ecelesia

413 1896 821 1954 sacramenta
863 1898 1203 1955 manarunt
1245 1889 1437 1972 illius,
1773 1897 1936 1963 Tute
1980 1898 2046 1962 in
2091 1900 2284 1963 horto
2296 1919 2316 1980 3

415 2042 535 2109 Tui
577 2043 738 2126 ligni
781 2043 1167 2109 adminiculo
1478 2042 1562 2108 1⁰
1769 2017 2148 2083 resurgens,
2197 1999 2455 2119 Christe
2474 2049 2492 2083 ,
2836 2007 2925 2071 25

416 2156 847 2215 conservatur
888 2149 956 2215 in
998 2149 1142 2213 salo
1185 2147 1429 2214 saeeuli.
1768 2105 2054 2230 h⁰rt¹¹¹f¹‚
2070 2103 2193 2228 1¹⁰¹:
2196 2112 2361 2170 ⁹¹¹OE

1767 2213 2059 2300 parad1s1
2102 2222 2226 2280 tuis

309 2341 370 2405 4.
415 2337 603 2405 Hane
647 2339 956 2405 adamans
1003 2338 1350 2425 conjugem
1769 2334 2179 2401 obstructum
2228 2333 2336 2400 diu

412 2442 735 2511 clauderis
782 2443 1014 2527 Gazae,
1769 2458 2057 2523 reseras,
2106 2440 2393 2523 domine,

414 2545 534 2610 sed
579 2555 806 2632 portas
852 2547 1235 2613 effracturus
1277 2545 1480 2629 illius,
1727 2592 1733 2599 -
1770 2565 1891 2608 rex
1936 2564 2181 2628 regum.
2835 2545 2925 2611 30

488 2696 582 2751 Hs.
622 2715 694 2753 zu
725 2698 1016 2767 munchen,
1054 2696 1190 2755 Glm.
1229 2696 1402 2751 14083
1440 2692 1480 2751 f.
1519 2697 1589 2750 15
1623 2696 1725 2751 mit
1758 2696 2023 2751 Neumen.
2062 2699 2126 2751 11
2154 2696 2350 2777 Jalrrh.
2387 2699 2515 2769 (A).
2586 2697 2932 2757 Murbacher

309 2783 609 2845 ssessbneh
644 2786 745 2840 des
782 2788 850 2840 12
883 2786 1080 2843 Jahrb.
1117 2802 1189 2840 zu
1224 2784 1454 2842 Colmar
1489 2784 1615 2855 (B).

487 2912 523 2965 2
578 2909 859 2966 aecclesia
891 2911 969 2978 A,
1024 2908 1141 2964 alte
1178 2908 1549 2979 Sohreibuug.
1650 2909 1714 2961 11
1771 2903 2123 2962 amminiculo
2173 2907 2240 2961 A.
2336 2908 2410 2962 20
2454 2913 2823 2979 prosternens
2860 2912 2931 2968 B.

312 2997 383 3052 21
421 2996 557 3052 vitae
590 2997 706 3052 AB.
775 2997 989 3055 23-26
1025 2993 1215 3051 sehlen
1251 2995 1312 3050 B.
1384 2998 1454 3048 27
1493 2997 1679 3049 ortum
1712 2994 1827 3064 AB,
1863 2993 1976 3048 wie
2013 2993 2338 3064 gewiinlieh
2374 2997 2521 3051 ohne
2558 2999 2607 3053 h.

485 3119 549 3174 V.
589 3121 670 3174 13.
710 3121 791 3173 14.
845 3118 1019 3175 Pauci
1064 3134 1133 3171 ex
1180 3116 1348 3187 plebe
1383 3116 1698 3172 Israelitiea
1732 3115 1959 3173 Christo
2006 3116 2349 3184 praedicante
2387 3117 2770 3190 erediderunt,
2835 3122 2927 3176 in·

309 3207 528 3264 numeri
562 3224 706 3264 vero
743 3207 993 3278 gentium
1027 3205 1226 3278 populi
1261 3206 1408 3260 viam
1445 3205 1580 3259 vitae
1616 3203 1892 3259 moriente
1928 3200 2032 3257 illo
2067 3203 2249 3258 secuti
2283 3210 2427 3261 sunt.
2464 3238 2526 3247 —
2585 3208 2738 3277 quod
2775 3208 2927 3264 bene

309 3293 555 3350 Samson
605 3296 666 3349 in
720 3301 897 3351 semet
944 3293 1071 3366 ipso
1121 3293 1323 3350 dudum
1367 3290 1688 3365 figuraliter
1736 3290 2042 3361 expressit,
2105 3291 2198 3362 qni
2233 3308 2444 3362 pancos
2481 3295 2726 3366 quidem,
2792 3297 2925 3353 dum

310 3382 561 3451 viveret,
609 3384 917 3455 interemit,
971 3383 1259 3440 destructo
1296 3387 1483 3439 autem
1518 3381 1732 3452 templo
1782 3381 1976 3436 hostes
2012 3379 2362 3449 innumeros,
2427 3397 2551 3438 eum
2586 3390 2922 3442 moreretur.

308 3469 550 3539 oceidit5
586 3471 718 3540 quia
752 3472 1008 3526 nimirum
1037 3470 1289 3527 dominus
1326 3471 1398 3525 ab
1436 3469 1684 3524 elatione
1721 3467 2002 3539 superbiae
2028 3482 2258 3538 paucos,
2295 3483 2418 3523 eum
2446 3469 2686 3539 viveret,
2719 3471 2923 3542 plures

309 3571 484 3626 vero,
539 3572 662 3612 eum
698 3559 964 3629 templum
998 3559 1086 3613 sui
1122 3560 1384 3630 eorporis
1421 3556 1774 3625 solveretur,
1829 3554 2076 3611 extinxit.
2132 3556 2347 3627 Greqor.
2387 3558 2461 3613 M.
2496 3559 2684 3613 moral
2715 3561 2807 3629 29,
2833 3562 2924 3616 26.

311 3645 489 3713 Quem
524 3645 634 3700 nisi
668 3644 1080 3716 redemptorem
1113 3652 1369 3702 nostrum
1405 3644 1649 3701 Samson
1684 3643 1783 3699 ille
1819 3640 2145 3715 signifieat?
2180 3643 2314 3714 quid
2348 3644 2501 3701 Gaza
2536 3645 2737 3702 civitas
2760 3689 2775 3717 ,
2811 3647 2923 3702 nisi

310 3730 590 3788 infernum
625 3731 927 3805 designat?
984 3765 1047 3775 —-
1103 3733 1343 3790 Samson
1376 3732 1561 3787 media
1595 3737 1763 3788 noete
1805 3747 1917 3787 uon
1953 3730 2136 3787 solum
2171 3732 2338 3801 exiit,
2377 3732 2478 3788 sed
2514 3734 2685 3789 etiam
2719 3741 2925 3807 portas

309 3822 468 3879 tulit:
506 3822 830 3893 redemptor
869 3827 1065 3877 noster
1103 3827 1232 3878 ante
1270 3822 1449 3876 lucem
1483 3837 1789 3893 resurgens
1839 3837 1955 3876 non
2000 3820 2182 3876 solum
2217 3819 2366 3875 liber
2400 3821 2467 3877 de
2502 3819 2727 3878 inferno
2765 3822 2926 3894 exiit,

308 3907 472 3966 sedet
509 3908 634 3980 ipsa
670 3905 880 3963 inferni
915 3908 1167 3964 claustra
1202 3898 1492 3964 destruxit.
1525 3915 1727 3981 portas
1764 3907 1894 3964 tulit
1930 3912 1987 3963 et
2021 3909 2225 3965 montis
2261 3911 2530 3967 verticem
2559 3910 2747 3980 subiit,
2782 3912 2923 3982 quia

310 3996 661 4069 resurgendo
712 3996 964 4052 claustra
1009 3994 1217 4051 inferni
1250 3996 1515 4068 abstulit,
1579 4003 1639 4053 et
1673 3993 2028 4052 ascendendo
2064 3995 2337 4052 coelorum
2372 4013 2551 4070 regua
2586 3998 2926 4070 penetravit.

308 4085 485 4153 ijt.
526 4085 715 4142 homil.
751 4086 810 4140 in
846 4100 1047 4158 evang.
1081 4089 1134 4156 2,
1170 4089 1256 4156 21,
1294 4090 1345 4142 ¹2.

486 4171 552 4228 V.
589 4176 676 4227 17.
728 4171 989 4230 Christus
1024 4173 1207 4230 David
1242 4190 1413 4229 verus
1448 4178 1552 4230 est.
1605 4174 1771 4230 Hilar.
1809 4173 1867 4229 in
1902 4172 2096 4244 psalm.
2133 4175 2219 4242 52,
2257 4176 2305 4228 1.
2375 4170 2744 4228 Ausfiihrlich
2781 4173 2926 4229 han-

309 4257 428 4314 delt
462 4259 706 4315 darfiber
743 4262 1008 4334 Auyustin.
1045 4260 1119 4318 ad
1152 4261 1354 4319 Dulcit,
1392 4262 1589 4332 quaest.
1626 4265 1677 4331 5,
1714 4264 1765 4317 3.

490 4345 559 4401 V.
591 4348 841 4404 20-24.
895 4349 1000 4405 Ein
1047 4348 1286 4406 senones
1333 4350 1446 4405 und
1490 4365 1638 4422 ganz
1674 4350 1984 4406 biblisehes
2020 4350 2150 4408 Bild
2195 4353 2296 4409 der
2328 4351 2536 4407 Kirehe
2551 4391 2565 4420 ,
2629 4351 2722 4407 die
2758 4355 2927 4406 unter

308 4429 433 4485 dem
486 4432 825 4490 Weinstock
861 4438 1120 4494 Christus
1169 4440 1355 4495 sicher
1403 4438 1461 4495 in
1508 4438 1718 4494 seinem
1765 4437 1975 4496 Garten
2031 4441 2229 4513 spielt,
2291 4440 2428 4499 weil
2475 4441 2560 4497 sie
2606 4439 2666 4494 in
2713 4439 2931 4495 seinem

305 4519 550 4579 Prienen
597 4522 731 4580 lebt.
800 4526 959 4581 Nach
1012 4529 1224 4585 Gentio.
1259 4531 1311 4585 4.
1345 4531 1395 4585 5.
1459 4528 1711 4585 Heredes
1748 4527 1962 4586 Christi
1998 4528 2260 4599 dicimur,
2323 4529 2457 4600 quia
2490 4526 2719 4599 reliquit
2753 4524 2925 4582 uobis

308 4608 472 4683 pacis
522 4609 925 4669 aeclesiasticae
960 4618 1377 4687 possessionem
1423 4633 1528 4689 per
1562 4614 1728 4673 fidem
1762 4620 2097 4690 temporalis
2132 4615 2596 4690 dispensationis,
2660 4628 2828 4687 quam
2862 4612 2927 4668 in

307 4696 419 4759 hnc
454 4698 578 4762 vita
613 4699 978 4775 possidemus.
1028 4705 1295 4779 Amasi.
1328 4704 1441 4764 div.
1475 4710 1677 4782 quaest.
1708 4708 1797 4783 75,
1836 4707 1889 4765 1·
