3159 5259
659 697 826 772 176.
892 699 982 772 In
1032 711 1279 774 octava
1334 704 1762 777 ascensionis
1821 706 2311 804 (troparium).

175 904 245 967 1.
293 899 591 966 Christus
636 901 809 967 hunc
853 901 1022 967 diem
1057 904 1414 988 jucundum
1646 917 1713 974 ct
1758 908 2011 976 dulcem
2056 909 2308 995 dedisti,
2329 916 2346 935 ‘

292 1004 542 1069 cunctis
587 1003 907 1071 concedat
949 1024 1095 1072 esse
1646 1012 1995 1097 [domine‚]
2042 1016 2349 1101 sperandi
2388 1017 2696 1087 ooeleetia.

287 1106 658 1172 Christianis
704 1111 1099 1175 amatoribus
1143 1111 1293 1175 Suis.
1647 1148 1744 1213 Tu
1778 1149 2100 1216 hominem
2705 1155 2792 1220 2⁰

169 1297 237 1361 2·
289 1293 547 1361 Christe
591 1294 754 1361 Jesu
819 1295 913 1361 fili
938 1283 944 1287 -
956 1296 1065 1365 dei
1646 1270 1774 1316 non
1820 1252 2039 1319 fictum
2072 1255 2357 1322 levando

285 1398 607 1464 mediator
647 1344 893 1466 nos'trae
1073 1346 1092 1383 ,
1395 1406 1435 1467 5
1649 1374 1847 1441 super
1889 1357 2179 1426 sidereas
2361 1463 2376 1480 .

285 1511 537 1568 ,πω-ω
584 1522 664 1569 ao
711 1504 979 1585 divinae,
1644 1467 1853 1524 metas
1897 1481 2160 1546 regum,
2206 1463 2480 1529 domme.

1536 1622 1598 1685 ὅ.
1647 1619 1902 1700 Quanta
1946 1623 2187 1707 gaudia
2229 1633 2375 1692 tuos

281 1666 554 1751 Terras,
600 1669 793 1754 dous,
837 1672 1115 1739 Viflimfi
1639 1724 1896 1807 replent
1940 1727 2301 1810 apostolos,
2701 1731 2787 1795 25

280 1782 568 1840 aeternus
586 1822 604 1857 ,
652 1776 903 1841 aethera

277 1896 489 1944 novus
533 1878 729 1945 homo
773 1880 1204 1946 transvolans
1640 1860 1798 1938 9¹1ss
1845 1862 2078 1928 dfldissfi
2122 1882 2426 1949 ⁰⁰¹’n01'02

1641 1972 1705 2029 te
1752 1966 1955 2030 coelos
1996 1986 2300 2051 pergere.

163 2070 234 2136 3.
281 2067 529 2135 Officiis
574 2077 641 2135 te
687 2071 908 2154 angeli
1350 2072 1431 2137 10

277 2181 476 2257 atque
523 2177 727 2240 nubes
776 2175 1018 2260 stipant

279 2279 369 2344 ad
412 2286 668 2364 patrem
712 2299 1159 2363 reversurum3

1535 2133 1597 2196 6.
1645 2130 1848 2209 Quam
1893 2132 2136 2198 hilares
2179 2135 2245 2198 in
2290 2135 2471 2201 coelis

1642 2235 1758 2301 tibi
1804 2246 2150 2302 occurrunt

1637 2360 1872 2409 novem
1918 2344 2178 2409 ordines
2698 2350 2785 2416 30

279 2436 421 2505 Sed
468 2439 621 2523 quid
657 2439 903 2526 mirum,
949 2460 1096 2507 cum
1136 2441 1404 2507 lactanti

275 2543 494 2609 adhuc
539 2544 730 2609 stella
766 2545 884 2610 tibi

274 2648 558 2713 serviret
603 2655 671 2713 et
714 2647 980 2729 angeli?
1347 2649 1427 2710 15

1637 2477 1712 2543 In
1756 2480 2041 2547 humeris
2086 2486 2374 2569 portanti

1527 2628 1534 2633 -
1639 2582 1748 2648 diu
1793 2584 2156 2669 dispersum

1636 2707 1679 2751 a
1723 2687 1893 2771 lupis
1937 2709 2210 2773 gregem
2251 2708 2464 2757 unum.

163 2851 232 2914 4.
281 2848 378 2915 Tu
425 2848 619 2915 hodie
780 2936 791 2947 ι
1532 2853 1591 2915 7.
1639 2847 1871 2934 Quem,
1918 2848 2208 2936 Christe,
2255 2857 2425 2919 bone
2467 2864 2730 2941 pastor,

275 2954 697 3020 terrestribus
749 2973 887 3018 rem
931 2971 1170 3019 novam
1635 2952 1733 3019 Tu
1776 2954 2049 3038 dignare
2088 2958 2431 3023 custodire.
2694 2961 2777 3023 35

355 3140 451 3196 Hs.
488 3157 558 3197 zu
593 3141 883 3211 munchen,
920 3140 1056 3199 Clm.
1096 3137 1285 3195 14083.
1322 3133 1359 3193 f.
1398 3140 1480 3192 17.
1515 3137 1616 3193 mit
1651 3136 1758 3193 deu
1792 3138 2056 3210 Nemea,
2086 3145 2151 3196 11
2189 3142 2383 3199 Jahrb.

349 3265 386 3318 5
435 3268 651 3320 nostrae
688 3260 834 3319 fehlt
867 3263 927 3318 iu
975 3261 1076 3317 der
1124 3260 1249 3331 Es„
1313 3259 1453 3316 aber
1509 3259 1611 3315 der
1645 3259 1785 3315 Siun
1832 3261 1944 3315 und
1978 3261 2123 3318 Vere
2172 3264 2455 3322 etheischt
2489 3265 2643 3322 diese
2677 3267 2783 3324 Er·

157 3353 448 3424 ganzung.
521 3352 592 3406 18
641 3352 743 3407 das
791 3347 1287 3422 eingeschlossene
1333 3349 1537 3405 domm
1589 3351 1739 3404 stort
1784 3348 1884 3405 das
1921 3348 2218 3409 Versmass
2237 3395 2252 3425 ‚
2323 3371 2386 3410 es
2423 3356 2643 3412 scheint
2675 3373 2782 3415 aus

157 3440 233 3497 V.
265 3441 338 3495 23
377 3439 604 3496 hierher
640 3454 899 3512 gezogeu
934 3455 1005 3493 zu
1040 3454 1196 3510 seyn.

343 3543 413 3604 V.
448 3546 521 3600 20
536 3546 699 3600 —23.
754 3544 1041 3599 redemtor
1076 3546 1273 3600 noster
1306 3546 1366 3598 et
1399 3541 1830 3612 incorruptibile
1878 3548 2011 3615 post
2048 3546 2519 3603 resurrectionem
2565 3554 2626 3609 et
2658 3550 2784 3622 pol-

162 3632 360 3705 pabile
401 3648 610 3703 corpus
648 3631 925 3701 exhibuit,
981 3637 1044 3687 ut
1076 3630 1442 3687 monstrando
1479 3630 1906 3703 incorruptibile
1945 3633 2211 3690 invitaret
2246 3637 2320 3692 ad
2355 3638 2668 3710 praemium,
2720 3645 2782 3697 et

163 3722 477 3794 praebendo
517 3720 806 3792 palpabile
843 3716 1100 3776 firmaret
1134 3719 1210 3775 ad
1242 3714 1422 3775 fidem.
1475 3723 1535 3773 et
1567 3717 2049 3790 incorruptibilem
2084 3739 2148 3777 se
2184 3740 2325 3796 ergo
2354 3730 2413 3780 et
2437 3725 2781 3797 palpabilem

157 3808 603 3878 demonstravit,
661 3814 722 3864 ut
756 3804 1019 3878 profecto
1074 3822 1201 3861 esse
1246 3811 1379 3876 post
1415 3806 1888 3863 resurrectionem
1925 3809 2249 3864 ostenderet
2284 3826 2489 3881 corpus
2527 3830 2684 3867 suum
2721 3818 2782 3871 et

159 3896 421 3968 ejusdem
472 3900 693 3950 naturae
742 3900 802 3951 et
848 3895 1084 3951 alterius
1122 3894 1345 3966 gloriae.
1415 3893 1635 3965 (ἕτερόν.
1669 3895 1739 3951 Μ.
1776 3896 1919 3951 hom.
1957 3894 2015 3950 in
2052 3913 2136 3952 ev.
2172 3900 2225 3967 2,
2260 3898 2347 3966 26,
2385 3901 2433 3953 1.
2503 3897 2569 3955 Si
2602 3900 2781 3971 phan-

159 3988 347 4040 tasma
384 3982 492 4039 fuit
530 3999 739 4056 corpus
776 3984 1017 4053 Christi,
1062 3980 1273 4038 fefellit
1308 3974 1594 4039 Christus:
1662 3989 1720 4039 et
1754 3984 1805 4038 si
1840 3981 2080 4055 fefellit,
2116 3986 2327 4041 veritas
2364 4003 2479 4042 non
2518 3993 2618 4043 est.
2690 3992 2785 4044 est

155 4076 355 4126 autem
402 4070 619 4127 veritas
672 4071 960 4141 Christus,
1015 4087 1130 4127 nou
1175 4070 1352 4142 igitur
1400 4071 1733 4143 phantasma
1766 4068 1877 4126 fuit
1913 4087 2118 4143 corpus
2155 4074 2296 4146 ejus.
2365 4074 2628 4145 Amudin.
2664 4075 2781 4131 div.

155 4164 362 4231 quaest.
401 4161 486 4213 14.

538 4445 705 4520 177.
770 4446 1149 4520 Dominica
1199 4456 1364 4548 post
1414 4448 1897 4520 ascensionem
1942 4447 2436 4543 (troparium).

157 4617 228 4684 1.
275 4613 329 4679 Ο
375 4634 568 4698 quam
609 4615 773 4681 mira
806 4622 987 4698 sunt,
1631 4612 1755 4692 Qui
1796 4619 2086 4697 spretum
2126 4613 2258 4681 suis

273 4716 434 4787 deus
447 4765 466 4802 ‚
513 4725 623 4785 tua
665 4718 1000 4804 portenta!
1632 4726 1703 4787 et
1746 4720 2072 4786 extraneis
